4724 6010
608 79 720 154 'se

458 175 528 241 ..ν
699 156 708 170 ”
822 168 938 211 ϊ·
1071 139 1085 180 ·’

216 324 465 461 ..am

345 553 382 613 et
406 533 672 612 obscuritatem
698 518 838 614 attinet,
854 521 984 598 similis
1008 533 1063 594 est
1087 517 1193 594 locus
1217 539 1287 618 pro
1311 515 1466 609 Milone,
1494 543 1526 594 c.
1553 543 1587 592 2.
1613 519 1880 624 „Quamquam
1899 525 1937 598 in
1963 510 2036 602 hac'
2058 549 2180 623 causa,

344 636 504 747 ludices,
531 653 575 726 Τ.
601 647 715 720 Annii
736 645 943 731 tribunatu,
968 639 1157 740 rebusque
1182 637 1362 716 omnibus
1382 660 1453 742 pro
1478 640 1596 718 saltue
1620 641 1851 746 reipublicae
1876 648 2053 746 gestis,ad
2068 649 2182 726 buius

346 776 513 854 criminis
539 767 794 844 defensionem
818 789 897 840 non
921 761 1132 848 abutemur,
1165 758 1235 832 nisi
1267 758 1408 856 oeulis,
1428 760 1607 840 videretis
1645 763 1798 839 insidias
1836 767 1971 846 Miloni
1996 796 2019 842 a
2044 767 2180 845 Clodio

346 901 485 986 factas3
509 915 580 966 nec
605 886 843 989 deprecaturi
868 909 1008 971 sumus,
1035 894 1078 956 ut
1102 879 1257 956 crimen·
1271 877 1345 954 boc
1369 879 1478 955 nobis
1501 881 1622 956 multa
1646 899 1802 986 propter
1814 888 2009 988 praeclara
2032 889 2070 964 in
2083 917 2180 970 rem·

318 1017 538 1120 .publicam
562 1011 695 1086 merita
720 1005 956 1098 condonetis3
981 1027 1052 1077 nec
1076 999 1314 1102 postulaturi,
1341 1011 1394 1092 ut,
1405 1001 1435 1075 si
1459 1027 1561 1078 mors
1585 1006 1625 1078 P.
1641 1003 1887 1098 Clodiisalus
1911 999 2034 1094 vestra
2052 1009 2178 1102 fuerit,

345 1137 488 1214 idcirco
513 1160 596 1207 eam
618 1130 748 1206 virtuti
774 1127 928 1202 Milonis
952 1125 1087 1226 potius,
1114 1147 1229 1222 quam
1252 1122 1382 1221 populi
1395 1123 1553 1197 Romani
1579 1121 1746 1200 felicitati
1772 1127 1980 1230 assignetisa
2006 1129 2178 1206 siuillius

223 1283 229 1296 ·
343 1257 498 1334 insidiae
525 1253 700 1330 clariores
726 1248 795 1324 bac
819 1247 904 1320 luce
929 1244 1090 1334 fuerint3
1114 1252 1198 1314 tum
1222 1237 1388 1342 denique
1413 1239 1629 1336 obsecrabo,
1655 1245 1947 1349 obtestaborque
1970 1271 2047 1340 vos,
2074 1251 2178 1326 Iudi·

343 1403 415 1467 ces,
440 1377 470 1452 si
497 1389 619 1450 cetera
657 1372 858 1458 amisimus,
889 1366 961 1442 boc
993 1364 1124 1438 saltem
1159 1361 1267 1436 nobis
1307 1373 1351 1436 ut
1380 1362 1629 1464 relinquatur,
1668 1364 1716 1440 ab
1750 1368 1991 1444 inimicorum
2021 1367 2177 1447 audacia

340 1500 500 1600 telisque
525 1498 641 1571 vitam
666 1507 709 1566 ut
734 1494 888 1592 impune
913 1488 1022 1560 liceat
1046 1481 1289 1558 defendere.“
1312 1480 1441 1576 (Confi
1464 1483 1512 1558 de
1537 1510 1591 1560 or.
1619 1487 1666 1576 11,
1693 1513 1725 1566 c.
1758 1489 1809 1562 ro.
1841 1515 1893 1591 ¹7·
1920 1491 1995 1587 ad.)
2019 1489 2080 1564 Ex
2104 1493 2178 1568 sin.

341 1620 439 1721 gulis
465 1616 589 1692 verbis
614 1630 651 1689 et
676 1600 963 1716 loquutionibus
988 1619 1141 1714 notatur
1164 1601 1328 1678 formula
1362 1605 1576 1681 devotionis
1608 1613 1797 1698 corevinci,
1835 1611 1875 1684 in
1909 1637 1984 1712 qua
2019 1611 2173 1710 genitivi

343 1736 585 1824 constructio,
609 1760 678 1834 per
703 1757 740 1806 sc
767 1729 924 1832 quidem
948 1727 1090 1816 Latina,
1118 1727 1156 1798 in
1182 1723 1348 1802 alienum
1370 1729 1479 1830 quasi
1505 1727 1742 1804 domicilium
1766 1727 1945 1837 trpnslata
1969 1729 2027 1802 sit.
2074 1729 2177 1830 Ergo

341 1857 472 1934 Latine
492 1855 567 1929 dici
581 1858 802 1930 convincere
827 1852 991 1954 aliquem
1012 1846 1204 1943 maleficii,
1238 1843 1526 1920 inhumanitatis
1555 1848 1710 1924 minime
1746 1861 1859 1951 negat
1896 1847 2070 1941 wolfius,
2108 1849 2177 1926 sed

341 2005 478 2079 parum
503 1977 634 2050 Latine
659 1973 765 2074 loqui
792 1982 928 2058 censet,
955 1969 984 2041 si
1011 1966 1095 2060 quis
1121 1960 1171 2036 ad
1197 1960 1299 2060 hanc,
1320 1966 1527 2068 analogiam
1552 1967 1663 2058 dicat,
1688 1997 1730 2046 se
1755 1975 1967 2046 convictum
1998 1997 2080 2046 esse
2113 1973 2176 2048 de-

338 2099 516 2169 votionis.
541 2094 593 2166 At
616 2091 706 2164 mibi
731 2088 884 2163 videtur
908 2084 1076 2160 eiusdem
1100 2085 1248 2184 generis
1273 2109 1362 2172 esse,
1387 2085 1567 2158 damnare
1592 2089 1758 2190 aliquem
1772 2092 1860 2178 voti,
1881 2087 1993 2190 quod
2016 2089 2175 2190 legimus

339 2213 442 2316 apud
469 2214 549 2288 Liv.
575 2210 657 2300 Vll,
683 2217 741 2288 28.
765 2207 910 2301 „Cuius
934 2203 1133 2278 damnatus
1158 2206 1235 2280 voti
1262 2229 1384 2305 quum
1408 2207 1530 2282 victor
1553 2210 1712 2283 Romam
1734 2211 1957 2300 revertisset,
1984 2209 2171 2286 dictatura

338 2363 376 2410 sa
391 2333 614 2410 abdicavit.“
637 2345 674 2404 ct
689 2355 745 2430 ap.
761 2329 873 2403 Corn.
896 2327 987 2428 Nep.
1008 2325 1146 2404 Timol.
1166 2335 1202 2407 5,
1217 2325 1348 2417 „dixit
1362 2350 1467 2401 nunc
1488 2323 1643 2411 demum
1659 2351 1697 2399 se
1712 2327 1790 2402 voti
1812 2353 1890 2404 esse
1911 2326 2171 2444 demnatum.“

336 2455 449 2534 Adde
474 2454 578 2552 Virg.
606 2453 700 2554 Aen.
726 2453 772 2542 V,
802 2450 885 2524 236.

834 2596 956 2675 „Vobis
978 2597 1079 2660 laetus
1101 2613 1161 2678 ego
1183 2591 1377 2656 candentem
1402 2593 1512 2658 littore
1534 2601 1662 2656 taurum

825 2703 1025 2766 Constituam
1046 2711 1120 2764 ante
1143 2721 1224 2778 aras,
1245 2701 1313 2760 voti
1336 2705 1444 2762 reusr‘

433 2835 640 2932 Quaeritur
679 2838 791 2908 etiam
826 2834 1067 2934 exemplum,
1107 2828 1173 2903 ubi
1205 2827 1396 2902 auditores
1425 2828 1484 2904 bis
1515 2831 1556 2904 in
1588 2830 1721 2906 eadem
1753 2834 1914 2934 periodo
1938 2835 2166 2911 nominatim

334 2954 580 3058 appellentur,
595 2959 649 3031 uti
666 2955 742 3028 h.·l.
758 2957 940 3054 Quirites.
955 2955 1084 3026 Unum
1097 2975 1212 3048 supra
1228 2949 1424 3026 attulimus
1442 2977 1488 3024 ex
1512 2975 1567 3026 or.
1582 2977 1653 3052 pro
1672 2952 1826 3041 Milone,
1843 2979 1875 3028 c.
1892 2979 1940 3046 r.;
1954 2954 2170 3032 secundum

336 3089 454 3150 exstat
478 3079 519 3150 iu
544 3076 675 3149 eadem
700 3077 877 3164 oratione,
905 3099 936 3148 c.
962 3099 1019 3170 9.;
1044 3072 1200 3144 tertium
1224 3082 1262 3140 et
1286 3082 1465 3168 quartum
1489 3072 1609 3146 estin
1634 3073 1740 3148 Catil.
1761 3075 1808 3162 ll,
1834 3076 1963 3166 c.13.;
1989 3077 2170 3175 quintum

337 3195 525 3296 reperitur
549 3195 587 3266 in
615 3193 722 3267 Catil.
749 3193 815 3282 Ill,
843 3217 874 3266 c.
906 3217 960 3270 12.
1007 3189 1182 3297 Denique
1208 3189 1288 3262 sine
1320 3215 1432 3264 causa
1469 3190 1625 3270 haerent
1652 3192 1899 3267 Marklandus
1939 3209 1976 3268 et
2006 3196 2168 3272 Wollius

335 3319 374 3388 in
396 3314 514 3389 verbo
540 3313 719 3412 deficere,
747 3312 853 3412 quod
877 3310 912 3384 b.
938 3311 964 3383 l.
992 3308 1173 3411 significat
1195 3308 1420 3411 defatigari,
1446 3319 1630 3387 consumi.
1658 3315 1766 3390 Conl.
1793 3317 1910 3392 Acad.
1938 3319 1984 3406 ll,
2011 3320 2045 3394 3.
2070 3346 2168 3410 „neo

334 3437 388 3510 illi
415 3433 646 3519 defecerunt,
672 3457 796 3530 neque
821 3455 889 3503 nos
914 3428 1083 3502 studium
1096 3428 1320 3530 exquirendi
1347 3433 1533 3534 defatigati
1548 3434 1836 3536 relinquimus.“
1860 3437 1910 3511 ad
1922 3439 2033 3512 Attio.
2061 3439 2090 3528 l,
2111 3441 2165 3512 16.

335 3583 407 3649 „ne
439 3543 621 3684 undplaga
646 3565 806 3653 accepta,
832 3553 959 3625 Patres
971 3550 1193 3652 conscripti,
1219 3552 1468 3642 considerent,
1495 3579 1542 3628 ne
1561 3551 1802 3628 deficerent.“
1825 3580 1895 3655 pro
1908 3557 2165 3646 Ilosc.Amer.,

334 3707 366 3754 c.
393 3681 427 3769 4.
452 3679 602 3768 „animo
627 3701 705 3750 non
729 3672 912 3764 deficiam,
939 3687 976 3748 et
1001 3673 1041 3748 id
1066 3670 1173 3774 quod
1196 3675 1353 3774 suscepi,
1380 3672 1507 3774 quoad
1531 3687 1674 3775 potero,
1699 3676 1926 3776 perferam.“
1951 3679 2056 3751 Brut
2084 3703 2116 3754 c.
2127 3683 2162 3756 8.

330 3799 451 3886 „Nam
475 3811 512 3870 et
524 3823 632 3870 aures
646 3799 756 3897 ipsae,
782 3795 878 3897 quid
900 3795 1067 3895 plenum,
1086 3797 1181 3899 quid
1208 3797 1318 3869 inane
1343 3779 1402 3882 sit,
1428 3793 1609 3885 iudicant,
1636 3809 1673 3869 et
1697 3798 1843 3897 spiritu,
1872 3800 1977 3898 quasi
2004 3801 2162 3874 necessi-

237 3942 239 3946 ·
334 3931 407 3990 tate
432 3915 575 4016 aliqua,
611 3914 817 3990 verborum
841 3912 1124 4015 comprehensio
1148 3918 1390 4009 terminatum
1417 3917 1546 4017 inquo
1568 3943 1646 3993 non
1670 3917 1785 3994 modo
1811 3918 1933 4009 defici,
1959 3921 2025 3996 sed
2051 3923 2163 3994 etiam

332 4037 502 4112 laborare
527 4051 638 4136 turpe
663 4047 755 4110 est.“
778 4041 818 4112 in
843 4039 921 4114 Cat.
949 4039 996 4129 ll,
1022 4063 1056 4114 c.
1088 4065 1141 4112 ιι.
1183 4040 1252 4129 „ln
1273 4033 1491 4110 huiusmodi
1516 4038 1720 4114 certamine
1744 4065 1789 4114 ac
1813 4040 1994 4142 proelio,
2017 4065 2163 4130 nonne,

332 4157 473 4230 etiamsi
500 4152 699 4228 bominum
723 4152 846 4226 studia
871 4154 1065 4246 deficiant,
1092 4155 1146 4230 dii
1173 4157 1241 4258 ipsi
1268 4157 1495 4233 immortales
1525 4171 1659 4260 cogent
1690 4159 1736 4233 ab
1770 4157 1828 4232 his
1857 4157 2160 4259 praeclarissimis

331 4279 537 4354 virtutibus
562 4291 618 4351 tot
644 4289 679 4350 et
705 4289 806 4348 tauta
832 4278 921 4350 vitia
945 4279 1164 4375 superaril“
1187 4278 1237 4353 ad
1261 4281 1363 4352 Fam.
1378 4279 1481 4367 XIV,
1507 4281 1542 4353 3.
1569 4279 1789 4377 „Quamdiu
1805 4281 1907 4352 eritis
1923 4282 1962 4354 iu
1981 4305 2057 4379 spe,
2082 4303 2159 4352 non

333 4395 515 4486 deficiam,
541 4423 589 4469 ne
614 4397 738 4469 omnia
763 4421 845 4468 mea
870 4395 980 4496 culpa
1006 4395 1184 4472 cecidisse
1207 4396 1444 4471 videantur.“
1492 4399 1636 4488 Restat,
1667 4411 1711 4471 ut
1735 4398 1901 4472 breviter
1925 4421 2155 4490 moneamus,

329 4521 490 4619 primam
513 4519 737 4619 particulam
762 4533 820 4609 ut,
848 4544 944 4620 quae
968 4545 1168 4622 perperam
1192 4547 1213 4593 a
1236 4514 1376 4594 Wolfio
1401 4515 1566 4592 refertur
1590 4518 1640 4593 ad
1654 4521 1795 4606 devovi,
1822 4519 2061 4596 referendam
2078 4545 2155 4594 esse

331 4639 584 4734 adprecatur
616 4669 711 4714 sum.
744 4643 802 4714 De
831 4643 970 4717 variata
1005 4642 1272 4744 significatione
1311 4637 1422 4712 huius
1454 4642 1659 4740 particulae
1710 4639 1809 4714 conf.
1849 4643 1979 4720 deor.
2022 4645 2068 4732 ΙΙ,
2101 4645 2155 4734 ro,

332 4771 399 4860 593
424 4762 463 4835 in
487 4762 595 4837 Verr.
622 4765 666 4847 II,
695 4785 752 4832 αι.
781 4763 818 4832 in
844 4761 950 4835 Catil.
978 4763 1040 4852 Ill,
1066 4784 1100 4834 2.

428 4868 489 4956 1'11.
529 4883 573 4955 In
598 4883 708 4956 tertia
732 4883 909 4975 oratione,
935 4910 1009 4984 pro
1029 4884 1158 4974 domo,
1195 4885 1353 4962 Rectius
1378 4885 1602 4970 arbitratur,
1629 4896 1778 4983 praeter
1803 4913 1953 4962 omnem
1978 4887 2155 4962 orationis

288 5077 300 5086 ,
330 5003 535 5078 decursum
559 5016 595 5077 et
620 5002 778 5078 modum
803 5003 948 5102 singula
972 5005 1084 5079 etiam
1109 5019 1146 5078 et
1169 5006 1280 5106 plura
1305 5029 1381 5076 esse
1408 5002 1499 5093 loca,
1525 5027 1622 5104 quae
1647 5028 1723 5078 nou
1738 5005 1972 5096 Ciceronem,
1999 5007 2066 5082 sed
2090 5032 2154 5107 pe·

328 5125 519 5224 regrinum
538 5126 660 5224 potius
681 5123 881 5215 homiuem,
897 5138 1088 5199 auctorem
1103 5151 1180 5201 esse
1201 5122 1408 5216 ostendant,
1426 5137 1507 5199 tum
1520 5123 1632 5200 rebus
1651 5139 1689 5202 et
1708 5129 1897 5204 sententiis
1923 5125 2150 5222 (c.1q.s.45.
