4724 6010
2027 387 2071 464 v.

236 604 464 682 adiurantur
493 593 631 697 partim
666 589 783 690 ipsius
813 581 943 662 Wollii
982 595 1020 658 et
1054 579 1265 657 Marhlandi
1305 578 1453 656 iudiciis
1484 578 1532 654 de
1573 578 1654 653 aliis
1685 577 1913 680 quibusdam
1945 579 2063 655 Tullii

237 726 404 825 scriptis,
429 718 566 822 partim
597 710 709 788 simili
738 718 873 784 conatu
906 718 944 778 et
973 701 1130 778 audacia
1159 701 1342 792 aliorum,
1381 703 1446 803 qui
1478 713 1600 777 tantos
1623 700 1694 780 sibi
1724 703 1825 776 viros
1864 700 2063 780 imitandos

234 843 409 924 'arbitrati
434 850 534 916 sunt.
583 834 677 910 Nam
701 843 849 933 praeter
874 827 953 902 illas
980 840 1143 930 quatuor
1166 822 1351 897 orationes
1376 834 1414 897 et
1437 823 1607 923 epistolas
1629 821 1821 899 Ciceronis
1839 821 1888 898 ad
1900 825 2063 902 Brutum

236 967 424 1064 Brutique
448 958 499 1035 ad
523 958 745 1032 Ciceronem
775 949 862 1026 libri
895 971 1048 1051 quoque
1080 945 1128 1022 de
1155 941 1312 1018 Oratore
1335 943 1559 1019 Marklando
1584 946 1743 1045 suspecti
1768 943 1941 1036 fuerunt,
1972 958 2063 1022 teste

242 1083 405 1172 Wolfio,
435 1081 500 1183 qui
526 1077 599 1154 boc
623 1073 770 1152 dictum
794 1070 911 1148 refert
935 1071 975 1148 in
1005 1070 1086 1146 eius
1110 1068 1186 1142 rita
1210 1061 1333 1160 (hnal.
1357 1063 1491 1142 Litter.
1515 1062 1591 1141 rol.
1617 1063 1665 1136 II.
1691 1087 1729 1164 p.
1755 1064 1858 1160 idol:
1906 1067 1948 1155 „I
1973 1065 2065 1142 hare

242 1207 353 1286 made
378 1203 534 1280 another
557 1197 680 1274 attach
703 1221 806 1298 upon
829 1196 964 1272 Cicero
988 1193 1034 1270 de
1061 1189 1247 1276 Oratore,
1281 1185 1321 1258 in
1354 1184 1477 1260 which
1501 1187 1519 1259 l
1543 1185 1657 1287 lancy
1686 1187 1705 1258 Ι
1729 1184 1821 1262 have
1853 1185 1975 1261 found
1999 1201 2066 1262 out

243 1344 401 1426 strange
425 1322 592 1421 things.“
640 1317 795 1418 Negavit
816 1312 998 1403 Wollius,
1036 1309 1142 1416 quod
1165 1301 1390 1388 Marklando
1414 1307 1537 1382 visum
1561 1318 1658 1400 erat,
1690 1306 1841 1409 probari
1872 1331 1998 1407 posse3
2029 1317 2067 1380 at

245 1450 323 1550 ipse
348 1459 483 1532 tamen,
509 1465 630 1542 quum
654 1437 761 1514 libris
786 1438 833 1512 de
860 1435 1018 1511 Oratore
1044 1431 1359 1537 patrocinaretur,
1387 1426 1573 1502 accusarit
1596 1426 1799 1501 nonnullas
1825 1427 1995 1526 epistolas
2018 1423 2068 1498 ad

246 1565 391 1654 Famil,
412 1588 575 1666 quarum
588 1587 703 1634 unam
717 1583 838 1659 quum
853 1555 1055 1642 indicaret,
1079 1565 1261 1652 tanquam
1276 1551 1458 1650 spuriam,
1486 1550 1525 1622 in
1540 1550 1679 1624 mirum
1698 1546 1888 1649 quendam
1901 1573 2069 1622 errorem

248 1711 292 1759 ae
316 1708 433 1784 prope
460 1678 665 1754 ridiculum
690 1677 867 1749 inductus
893 1687 948 1747 est
977 1677 1046 1768 12).
1076 1668 1184 1746 Idem
1206 1670 1368 1748 Wolfius
1395 1697 1509 1744 unam
1534 1695 1554 1742 e
1580 1669 1714 1744 mediis
1741 1669 1964 1744 Catilinariis
1987 1692 2070 1742 ora-

249 1801 415 1880 tionibus
446 1795 718 1899 supposititiam
748 1791 817 1866 sibi
850 1787 971 1864 rideri
1006 1783 1195 1888 professus
1220 1802 1293 1882 est;
1325 1789 1355 1862 si
1385 1785 1478 1862 fides
1506 1785 1678 1860 habenda
1702 1787 1748 1858 H.
1777 1785 1824 1860 G.
1849 1786 1883 1858 J.
1911 1785 2067 1876 Cludio,

249 1923 461 1996 litterarum
486 1917 660 2016 magistro
685 1913 725 1985 in
750 1909 942 2012 gymnasio
967 1906 1162 2008 Lyecensi,
1188 1907 1254 2007 qui
1278 1905 1366 1978 talia
1391 1904 1581 1980 dicentem
1607 1904 1645 1978 in
1664 1903 1876 1979 acroasibus
1902 1902 1949 1976 de
1974 1903 2070 1977 litte-

248 2054 378 2116 ratura
401 2041 569 2113 Romana
603 2061 625 2106 a
661 2057 698 2106 se
724 2029 897 2105 auditum
925 2052 1001 2104 esse
1032 2024 1239 2102 confirmat.
1296 2027 1391 2102 Nam
1423 2026 1571 2126 scripsit
1609 2024 1768 2101 Clodius
1802 2025 1849 2098 de
1881 2022 2071 2100 authentia

251 2159 438 2240 secundae
463 2155 641 2230 orationis
674 2151 909 2228 Catilinariae
935 2149 1296 2238 commentationem,
1323 2148 1362 2221 in
1395 2173 1470 2248 qua
1493 2146 1658 2220 multum
1682 2171 1768 2220 sane
1792 2147 1970 2246 ponderis
1994 2171 2070 2220 esse

252 2286 292 2358 in
317 2307 362 2356 eo
385 2291 511 2380 putat,
551 2271 658 2376 quod
686 2269 820 2346 eadem
851 2269 968 2343 oratio
993 2267 1166 2370 videatur
1195 2295 1216 2339 a
1245 2268 1416 2368 principe
1442 2269 1660 2343 criticorum
1683 2267 1855 2343 damnata
1881 2293 1957 2342 esse
2002 2273 2071 2368 ιθ),

255 2401 374 2502 Quod
396 2425 486 2476 uero
511 2392 803 2482 Eichstaedtius,
838 2388 951 2465 homo
976 2389 1080 2462 latini
1106 2391 1287 2464 sermonis
1311 2389 1681 2490 intelligentissimus,
1720 2418 1840 2493 quum
1866 2393 1905 2466 in
1929 2391 2073 2468 addita-

251 2524 386 2599 mentis
411 2519 461 2594 ad
486 2519 575 2590 Hor.
602 2517 681 2610 (sat.
708 2513 737 2603 I,
760 2536 812 2600 10,
837 2511 897 2586 62.
923 2515 994 2612 sq.)
1019 2512 1124 2612 quasi
1149 2534 1217 2585 suo
1243 2510 1325 2582 iure
1349 2509 1769 2608 pseudociceronianam
1794 2525 1944 2586 vocaret
1968 2515 2074 2589 nobi-

252 2643 431 2718 lissimam
455 2637 662 2712 orationem
688 2657 760 2734 pro
785 2633 829 2704 T.
851 2631 976 2706 Annio
1003 2630 1165 2704 Milone:
1192 2655 1242 2702 ne
1268 2628 1309 2704 id
1335 2629 1508 2732 quidem,
1534 2633 1564 2706 si
1590 2645 1691 2707 recte
1715 2633 1922 2732 perspicio,
1948 2631 2071 2709 faeere

253 2787 331 2840 non
355 2760 427 2834 nisi
451 2755 691 2832 confirmatus
709 2749 850 2841 Wollii,
876 2753 1011 2825 summi
1036 2752 1119 2839 riri,
1145 2752 1365 2825 auctoritate
1390 2763 1545 2826 conatus
1566 2765 1629 2826 est.
1655 2751 1818 2830 Videsne
1833 2755 1946 2854 igitur
1961 2781 2075 2856 quam

255 2879 465 2984 periculosa
490 2880 537 2952 sit
561 2877 629 2951 ista
653 2871 939 2974 argumentandi
964 2873 1075 2963 ratio,
1117 2894 1193 2970 qua
1228 2883 1376 2946 nostrae
1421 2872 1607 2946 orationes
1644 2885 1836 2946 accusatae
1868 2887 1904 2949 et
1936 2875 2075 2950 conde-

254 3014 399 3076 mnatae
425 2995 538 3072 suntl
579 2995 712 3095 Aqua
737 3006 857 3066 tutam
881 3017 958 3066 esse
983 2990 1128 3064 nullam
1158 2993 1311 3067 omnino
1335 2991 1525 3068 Ciceronis
1549 2992 1774 3081 orationem,
1801 2995 1839 3066 in
1865 3019 1979 3096 quam
2013 2995 2074 3068 illa

256 3114 513 3204 transferatur,
540 3107 820 3214 quodammodo
844 3108 933 3183 lieet
957 3133 1004 3182 ex
1027 3106 1203 3183 laudibus
1222 3109 1418 3199 coniicere,
1445 3106 1583 3210 quibus
1597 3108 1692 3201 illae,
1717 3135 1808 3212 quas
1826 3111 2072 3208 defendimus,

258 3357 305 3415 ια)
334 3347 425 3400 Genus
445 3351 529 3416 etque
547 3351 645 3396 natura
665 3344 745 3396 huius
766 3349 864 3400 erroris
885 3356 1011 3404 accurate
1029 3348 1195 3406 describitur
1214 3348 1336 3414 indieio,
1371 3345 1447 3417 quod
1466 3363 1527 3399 cum
1547 3347 1660 3418 singulis
1679 3349 1745 3402 viris
1765 3347 1853 3406 doctis
1873 3354 1931 3406 sine
1951 3360 2070 3411 auctori,

332 3436 444 3488 nornine
464 3433 692 3486 communicatum
712 3440 768 3485 est:

408 3524 441 3574 In
469 3520 532 3573 dem
557 3529 690 3572 neuesten
712 3519 815 3576 Stheke
848 3522 897 3577 der
923 3525 1126 3581 litterarischen
1145 3525 1310 3591 Analehten,
1330 3522 1549 3594 herausgegeben
1568 3541 1624 3578 von
1642 3524 1734 3584 Fried.
1754 3525 1822 3596 hug.
1841 3527 1921 3582 Woll
1937 3531 2008 3598 (IV),
2027 3525 2077 3588 int

333 3611 422 3665 ‹llflffl
441 3609 585 3662 berfihmlfl
605 3609 766 3675 lalllffllor,
787 3611 815 3668 S.
837 3617 903 3678 ³81,
924 3615 1005 3668 sinen
1024 3617 1101 3669 Briel'
1117 3616 1163 3670 des
1185 3619 1282 3670 Cicero
1303 3610 1462 3667 abdrueken
1481 3613 1584 3676 lassen,
1610 3612 1663 3666 den
1689 3631 1718 3666 er
1746 3615 1775 3666 in
1796 3616 1884 3670 ciuem
1905 3619 2076 3688 Dierisehen,

333 3703 402 3769 jetzt
420 3697 531 3766 Kinigl.
551 3696 644 3750 Codex
663 3697 711 3750 der
732 3699 890 3770 Sammlunq
911 3701 946 3753 ad
967 3703 1124 3756 Familiares
1144 3705 1206 3773 (aul
1223 3703 1271 3756 der
1291 3699 1452 3754 Bibliothch
1472 3719 1504 3752 zu
1524 3700 1629 3766 Berlin)
1649 3699 1782 3754 awisehen
1803 3702 1864 3756 dem
1885 3706 1930 3776 ⁴9.
1954 3707 2008 3759 ond
2031 3712 2077 3769 50.

338 3785 385 3840 des
407 3791 452 3844 13.
469 3783 573 3838 hueber
593 3783 669 3844 land,
707 3787 802 3840 Dieser
821 3789 898 3842 Briel
915 3791 1002 3844 lautet
1021 3792 1050 3844 in
1071 3791 1119 3845 dor
1141 3790 1325 3856 llandschrilt,
1345 3790 1395 3841 rie
1416 3789 1499 3860 lolgt:

854 3874 897 3934 M.
920 3875 1034 3936 Cicero
1057 3877 1147 3938 Celio
1169 3875 1244 3938 edili
1267 3874 1369 3938 curuli
1391 3877 1420 3938 S.
1441 3875 1481 3934 D.

335 3965 449 4020 blas-eho
469 3965 565 4030 Fabio,
585 3967 646 4020 viro
666 3969 772 4038 optimo
793 3976 822 4022 et
841 3968 953 4026 homine
973 3973 1149 4041 doctissimo,
1184 3973 1395 4027 familiarissime
1415 3977 1495 4034 utor,
1521 3967 1635 4024 mirifice
1662 3987 1724 4026 eum
1749 3969 1845 4046 diligo,
1872 3981 1932 4028 turn
1960 3987 2075 4051 propter

337 4071 471 4108 summum
491 4054 629 4124 ingenium
649 4057 706 4109 eius
727 4073 912 4132 summamque
932 4061 1094 4130 doctrinam,
1115 4071 1174 4116 tum
1194 4070 1309 4133 propter
1328 4060 1492 4130 singularem
1512 4058 1684 4117 modestiam.
1705 4062 1768 4114 Eius
1781 4064 1922 4134 negotium
1942 4068 1981 4118 sic
1995 4071 2078 4124 selim

335 4144 477 4214 suscipias,
496 4151 528 4194 ut
545 4143 569 4195 si
589 4150 659 4195 esset
679 4160 721 4197 res
740 4162 810 4204 mea.
850 4147 923 4202 Nori
943 4165 993 4220 ego
1013 4167 1062 4202 ros
1082 4167 1193 4222 magnos
1214 4157 1360 4220 patronos:
1382 4145 1520 4198 hominem
1540 4147 1648 4200 occidat
1668 4157 1795 4218 oportet,
1816 4152 1865 4221 qui
1885 4161 1974 4207 vestra
1996 4145 2078 4228 opera

335 4233 378 4286 uti
396 4231 476 4287 velit.
515 4229 569 4283 Sed
590 4231 619 4284 in
637 4229 691 4284 hoe
709 4232 821 4287 homine
840 4238 945 4291 nullam
960 4243 1067 4310 accipio
1087 4240 1301 4294 exeusationem.
1342 4234 1441 4288 Omnia
1461 4235 1615 4306 relinques,
1647 4238 1671 4288 si
1699 4253 1742 4290 me
1767 4237 1891 4302 amabis,
1919 4257 2005 4311 qaum
2033 4253 2079 4298 tua

340 4335 423 4390 opera
438 4318 540 4372 Fabius
559 4321 602 4374 uti
621 4319 708 4377 volet.
747 4323 803 4393 Ego
823 4341 866 4378 res
885 4329 1017 4382 Romanos
1036 4329 1213 4384 vehementer
1232 4331 1361 4395 exspecto
1380 4331 1409 4378 et
1429 4321 1569 4388 desidero,
1598 4326 1804 4396 imprimisque,
1826 4327 1893 4398 quid
1914 4345 1992 4400 agas,
2012 4335 2080 4386 scire

341 4408 433 4476 cupio.
473 4407 541 4462 Nam
561 4408 615 4461 iam
635 4407 683 4461 diu
703 4419 817 4480 propter
833 4411 930 4468 hiemis
949 4417 1165 4488 magnitudinem
1184 4414 1257 4468 nihil
1275 4414 1342 4466 nori
1362 4411 1537 4472 afferebatur,
1557 4441 1593 4458 .-

417 4495 683 4550 Diesenlirieloun
702 4506 788 4551 nennt
808 4497 887 4554 Woll
906 4505 962 4556 ein
983 4503 1185 4558 ersrelslich
1212 4501 1390 4556 nniehtes
1418 4497 1807 4572 Uebungsstrickehen‚
1840 4501 1886 4556 das
1913 4503 2083 4576 glichllcher

342 4577 434 4634 Weiss
452 4580 481 4632 in
501 4581 554 4636 den
573 4601 629 4637 ron
648 4585 759 4640 srs'shern
779 4587 985 4661 llerausgebern
1007 4592 1193 4664 gebrauchteu
1218 4589 1433 4644 Handsebrilten
1458 4588 1537 4642 nicht
1562 4589 1710 4659 gestandae
1737 4589 1828 4642 haben
1847 4597 1943 4653 misse,
1982 4601 2079 4664 nm,

342 4673 412 4719 setzt
433 4683 462 4720 er
480 4669 573 4736 hinnu,
593 4683 669 4727 sonst
689 4675 773 4730 sithen
793 4679 841 4730 wir
860 4695 888 4731 es
908 4681 1052 4736 vielleicht
1074 4684 1102 4736 iu
1123 4682 1171 4735 der
1193 4677 1276 4734 lleihe
1302 4683 1353 4734 mit
1379 4676 1570 4732 ansehnllcher
1591 4677 1695 4732 Schrilt
1715 4679 1862 4749 gerbraht,
1895 4687 1945 4738 wie
1966 4703 1993 4739 es
2013 4686 2082 4748 hier,

343 4757 393 4807 mit
415 4755 483 4809 aller
503 4759 695 4828 gebirhreuden
715 4765 942 4821 Bescheidenheit
961 4771 989 4821 in
1010 4769 1071 4822 eine
1090 4767 1266 4840 Anmerkung
1284 4765 1432 4833 versteckt,
1452 4765 1549 4820 slehen
1569 4785 1638 4838 mag,
1659 4786 1725 4837 ganz
1745 4770 1814 4821 nach
1836 4769 1884 4824 der
1896 4773 2084 4831 llanrlschrilt.

420 4843 471 4896 Ein
491 4845 669 4903 sonderbarer
688 4853 829 4924 Milsgrilll
849 4855 932 4908 Jener
951 4857 1028 4909 Briel'
1045 4859 1081 4909 ist
1099 4861 1127 4928 js
1148 4856 1250 4910 bereits
1272 4855 1415 4927 unzihlige
1430 4855 1487 4908 idel
1507 4857 1557 4908 mit
1577 4854 1769 4909 snsehnliclrer
1788 4858 2083 4913 undunansehnlicher

345 4929 449 4984 Schrilt
469 4932 602 5002 gedruolrt
621 4938 747 5010 worden3
767 4959 797 4995 er
816 4941 891 4996 steht
911 4945 940 4997 in
960 4946 1034 4998 allen
1053 4947 1206 5016 Ausqsben,
1226 4963 1279 4998 nur
1297 4943 1376 4997 nieht
1396 4961 1431 4996 an
1450 4941 1499 4996 der
1509 4943 1604 5009 Stelle,
1624 4960 1665 4996 ero
1686 4961 1715 4996 er
1731 4943 1791 5000 sich
1810 4947 1839 4998 in
1861 4947 2080 5002 derssielischen

344 5017 523 5074 llnndschrilt
543 5021 637 5090 findet,
656 5027 775 5082 condem
793 5031 856 5091 Lib.
876 5033 912 5098 Π,
933 5031 982 5104 Ep.
1002 5033 1074 5094 ΧΠ.
1095 5033 1151 5086 und
1172 5037 1207 5086 ist
1227 5035 1303 5086 einer
1322 5031 1370 5086 der
1389 5031 1531 5086 ichtesten
1550 5034 1580 5085 in
1600 5031 1647 5085 der
1669 5050 1773 5104 qaueeu
1793 5034 1959 5108 Sammlung.

1035 5123 1075 5174 lm
1096 5123 1218 5176 October
1238 5133 1321 5194 tato.

272 5199 319 5266 13)
345 5197 409 5260 vit.
430 5199 519 5256 Neues
540 5199 641 5258 hrcbir
660 5203 703 5258 lde
722 5203 878 5278 Philoloqie
898 5207 954 5261 und
976 5209 1133 5281 Pidagogik
1153 5227 1208 5264 ron
1230 5209 1365 5283 Seebode,
1385 5227 1425 5270 ar.
1444 5209 1590 5282 Jahrgnng,
1609 5207 1638 5267 l.
1657 5209 1733 5276 nott,
1754 5211 1782 5272 S.
1803 5211 1926 5284 47-85.
