4724 6010
1985 375 2041 452 lX

310 573 488 672 Quintae
514 567 703 656 orationis,
728 589 799 666 pro
823 563 877 640 Μ.
904 563 1098 652 Marcello,
1141 561 1289 637 Tullius
1324 562 1553 641 mentionem
1586 564 1676 639 lacit
1707 565 1756 639 ad
1787 567 1891 640 Fam.
1917 566 1982 660 IV,
2008 567 2043 660 4.

195 701 321 790 „Uno
352 713 395 772 te
420 696 590 778 vicimus,
617 685 723 791 quod
748 684 795 760 de
808 685 988 774 Marcelli,
1016 682 1178 784 collegae
1201 683 1269 770 tui,
1294 682 1411 756 salute
1436 684 1563 784 paullo
1576 697 1673 775 ante,
1695 712 1810 786 quam
1835 701 1889 776 tu,
1908 713 2044 787 cogno.

196 822 363 912 vimus;
388 819 500 891 etiam
522 807 748 897 mehercule,
775 805 891 906 quod,
916 801 1235 907 quemadmodum
1269 829 1311 874 ea
1344 827 1402 876 res
1435 818 1616 904 ageretur,
1648 805 1823 886 vidimus.
1872 807 1967 880 Nam
1992 807 2047 882 sic

200 940 268 1012 lac
299 938 497 1012 existimes
529 943 613 1033 post
637 929 701 1002 has
726 925 903 1020 miserias,
932 925 1063 1012 idest,
1090 924 1424 1023 postquamarmis
1458 923 1655 1025 disceptari
1692 939 1868 1026 coeptum
1910 943 1964 1000 est
1999 927 2046 1001 de

200 1059 299 1132 iure
342 1057 511 1158 publico,
537 1049 631 1125 nihil
657 1073 736 1123 esse
765 1059 891 1119 actum
918 1043 1023 1118 aliud
1059 1067 1148 1116 cum
1181 1040 1367 1142 dignitate.
1413 1041 1508 1114 Nam
1537 1045 1675 1142 etipse
1702 1041 1845 1133 Caesar,
1872 1059 2043 1118 accusata

201 1177 429 1250 acerbitate
452 1170 624 1248 Marcelli
651 1169 720 1262 (sic
743 1167 844 1239 enim
868 1163 1090 1266 appellabat)
1122 1159 1345 1263 laudataque
1376 1159 1745 1238 honorificentissime
1779 1178 1817 1238 et
1855 1167 2040 1266 acquitate

199 1305 291 1380 tua,
323 1305 365 1365 et
389 1288 601 1392 prudentia,
626 1295 779 1385 repente
803 1295 952 1384 praeter
976 1308 1079 1383 spem
1116 1281 1221 1370 dixit,
1253 1311 1290 1357 sc
1322 1286 1472 1358 Senatui
1504 1287 1647 1384 roganti
1692 1284 1739 1358 de
1783 1286 1959 1360 Marcello
1997 1313 2045 1360 ne

201 1413 389 1486 hominis
415 1409 572 1513 quidem
595 1431 705 1480 causa
729 1417 963 1503 negaturum.
985 1447 1035 1466 -
1058 1403 1141 1478 Noli
1168 1429 1358 1506 quaerere.
1385 1404 1441 1474 Ita
1463 1400 1554 1474 mihi
1579 1399 1738 1502 pulcher
1762 1400 1823 1474 hic
1849 1401 1928 1475 dies
1947 1403 2048 1476 visus

205 1550 286 1624 est,
316 1547 366 1607 ut
389 1532 550 1634 speciem
573 1528 737 1626 aliquam
760 1523 911 1598 viderer
933 1524 1062 1597 videre
1088 1526 1191 1624 quasi
1218 1523 1468 1598 reviviscentis
1493 1523 1731 1622 reipublicae.
1766 1523 1897 1623 Itaque
1926 1548 2047 1621 quum

209 1678 360 1730 omnes
384 1663 470 1725 ante
493 1675 554 1722 me
578 1646 694 1746 rogati
731 1645 864 1745 gratias
897 1643 1042 1716 Caesari
1077 1645 1257 1742 egissent,
1289 1654 1437 1743 praeter
1471 1641 1685 1718 Volcatium
1736 1644 1782 1740 (is
1808 1644 1919 1730 enim,
1945 1642 1974 1714 si
2002 1665 2046 1714 eo

207 1774 313 1848 loco
340 1782 443 1858 esset,
469 1767 625 1868 negavit,
650 1789 689 1839 se
714 1762 904 1838 facturum
928 1761 1072 1861 fuisse):
1095 1787 1162 1862 ego
1189 1775 1338 1861 rogatus
1361 1762 1502 1836 mutavi
1539 1789 1667 1836 meum
1699 1762 1908 1836 consilium.
1955 1761 2050 1834 Nam

212 1907 449 1981 statueram,
487 1913 564 1964 non
595 1885 809 1960 mehercule
846 1885 995 1972 inertia,
1034 1882 1101 1957 sed
1139 1881 1324 1958 desiderio
1366 1887 1540 1984 pristinae
1580 1883 1788 1986 dignitatis,
1842 1885 1881 1956 in
1920 1909 2052 1984 perpe-

212 2023 343 2086 tuum
379 2024 513 2083 tacere.
574 2006 703 2105 Fregit
741 2003 812 2078 hoc
852 2031 982 2078 meum
1013 2002 1211 2077 consilium
1243 2017 1279 2078 et
1312 2003 1475 2077 Caesaris
1518 2004 1739 2104 magnitudo
1770 2005 1883 2079 animi
1918 2017 1955 2078 et
1989 2007 2052 2076 Sc-

212 2143 340 2205 natus
366 2129 538 2203 officium.
565 2127 696 2224 ltaque
714 2123 893 2222 pluribus
917 2123 1038 2198 verbis
1062 2127 1125 2220 egi
1149 2123 1308 2206 Caesari
1322 2129 1499 2222 .gratias;
1523 2152 1671 2226 meque,
1697 2138 1836 2214 metuo,
1862 2151 1909 2198 ne
1936 2126 2049 2198 etiam

217 2251 269 2320 in
298 2249 429 2322 ceteris
454 2243 567 2318 rehus
592 2243 746 2317 honesto
771 2244 846 2316 otio
871 2241 1061 2341 privarim,
1087 2239 1192 2343 quod
1215 2255 1295 2315 erat
1318 2269 1439 2316 unum
1462 2244 1636 2319 solatium
1662 2246 1702 2320 in
1725 2245 1869 2318 malis.“
1894 2245 1939 2317 ln
1965 2244 2049 2343 qui·

213 2365 306 2439 hus
330 2363 567 2464 Spaldingius
590 2375 700 2462 negat
725 2375 777 2462 (p.
804 2373 892 2463 79),
919 2363 1035 2463 plura
1066 2362 1175 2435 verba
1211 2363 1363 2462 propria
1398 2361 1436 2435 vi
1467 2387 1534 2434 sua
1566 2363 1614 2436 de
1648 2363 1740 2435 iusta
1775 2362 1939 2435 oratione
1972 2359 2048 2434 dici

218 2506 356 2579 posse.
393 2481 464 2554 Cui
492 2480 736 2554 adversantur
760 2483 847 2581 ipsa,
873 2508 969 2581 quae
992 2480 1145 2581 profert,
1170 2481 1337 2580 exempla
1361 2478 1472 2554 huius
1504 2481 1749 2581 loquutionis,
1778 2505 1849 2579 pro
1881 2478 2054 2552 Cluentio
2155 2535 2158 2542 ,

222 2625 267 2678 c.
296 2603 366 2698 59,
392 2601 457 2674 ubi
479 2599 658 2701 pluribus
684 2601 804 2674 verbis
828 2599 1059 2700 significatur
1084 2627 1136 2691 ea,
1164 2626 1259 2700 quac
1284 2600 1474 2701 praecedit
1507 2600 1624 2673 oratio
1649 2601 1813 2700 capitum
1841 2599 1898 2689 58,
1926 2610 1962 2671 et
1983 2623 2053 2697 pro

224 2721 361 2800 Rabir.
389 2717 494 2818 perd.
524 2741 555 2790 c.
582 2741 628 2805 a„
653 2716 718 2789 ubi
740 2718 856 2817 plura
879 2717 998 2790 cerba
1023 2743 1112 2794 cum
1137 2721 1251 2819 longa
1277 2725 1447 2795 oratione
1472 2732 1695 2818 congruunt,
1722 2745 1818 2819 quae
1833 2719 1930 2792 intra
1947 2718 2054 2792 semi-

231 2840 349 2914 horae
375 2838 537 2938 spatium
560 2837 728 2935 perorari
753 2862 831 2909 non
854 2838 980 2937 possit.
1006 2838 1056 2912 At
1079 2838 1240 2912 Wollius
1264 2840 1304 2912 in
1327 2839 1441 2939 praef.
1457 2841 1574 2914 Marc.
1600 2863 1637 2938 p.
1656 2847 1716 2914 26.
1740 2836 1868 2936 plures
1894 2840 2056 2910 rationes

235 2969 441 3045 enumerat,
469 2981 564 3055 quae
589 2957 737 3055 penitus
761 2953 1024 3050 persuadeant,
1052 2957 1275 3032 Ciceronem
1298 2958 1460 3034 scrihere
1485 2958 1664 3049 noluisse,
1705 2970 1817 3058 atque
1847 2955 1942 3030 adeo
1976 2981 2055 3029 non

236 3078 423 3177 scripsisse
448 3073 495 3147 de
521 3075 692 3146 restituto
708 3074 899 3147 Marcello.
926 3078 1158 3167 ‚,Primum,“
1183 3079 1316 3179 inquit,
1339 3074 1427 3168 „hic
1448 3077 1554 3152 nulla
1577 3078 1766 3175 reperitur
1789 3101 1899 3151 causa
1924 3101 1970 3150 ex
1994 3077 2054 3164 iis,

237 3219 330 3298 quas
355 3219 467 3292 supra
492 3192 694 3280 attulimus,
721 3217 816 3292 quae
837 3193 944 3268 illum
962 3196 1152 3295 impellere
1168 3198 1332 3296 potuerit
1341 3195 1389 3269 ad
1404 3195 1663 3290 scribendum
1688 3197 1792 3270 nulla
1806 3199 1859 3271 rei
1881 3198 2053 3297 gravitas,

239 3329 304 3390 aut
328 3311 541 3400 difficultas,
567 3325 632 3385 aut
656 3312 781 3413 aliqua
805 3315 931 3413 gratia,
956 3341 1026 3387 nec
1052 3313 1216 3417 denique
1239 3315 1412 3390 voluntas
1434 3317 1616 3408 Marcelli,
1644 3319 1783 3418 quippe
1810 3318 1875 3417 qui
1890 3316 2058 3391 Caesaris

240 3435 485 3521 clementiam,
511 3433 716 3505 acerrimus
740 3431 920 3506 libertatis
944 3446 1211 3536 propugnator,
1236 3461 1314 3510 non
1336 3463 1512 3538 magnum
1538 3464 1626 3536 erga
1650 3462 1688 3510 se
1708 3437 1886 3510 meritum
1909 3448 2054 3535 putans,

240 3567 277 3628 et
302 3555 340 3626 in
364 3552 490 3627 reditu
515 3553 640 3652 potius
663 3553 791 3626 amicis
815 3555 891 3628 suis
915 3552 1146 3655 obsequens,
1170 3555 1403 3656 iniquissimo
1433 3557 1556 3632 animo
1590 3558 1732 3631 laturus
1764 3555 1910 3646 fuisset,
1954 3553 2055 3627 illius

239 3673 313 3749 diei
340 3674 598 3773 indignitatem
621 3675 759 3773 scripta
783 3675 951 3758 oratione
963 3687 1132 3747 testatam
1152 3687 1188 3747 et
1199 3673 1248 3749 ad
1260 3687 1425 3774 posteros
1438 3675 1662 3777 proditam.“
1684 3671 2056 3773 Nolohicquaerere,

240 3823 288 3869 an
313 3793 440 3894 pluras
457 3817 600 3878 causae,
625 3804 779 3892 propter
791 3815 882 3892 quas
897 3791 1030 3867 Cicero
1044 3793 1205 3868 actiones
1222 3819 1306 3871 suas
1319 3795 1450 3874 litteris
1463 3800 1706 3899 consignaret,
1730 3794 1886 3870 indicari
1902 3793 2054 3893 possint,

242 3939 356 4014 quam
382 3935 477 4012 quae
503 3909 599 3983 duae
624 3908 890 3984 describuntur
913 3935 935 3983 a
959 3909 1114 3986 Wolfio:
1140 3939 1233 4015 quas
1258 3914 1462 3991 afferebant
1484 3917 1626 3992 scilicet
1636 3941 1693 3990 res
1706 3919 1816 4019 ipsae,
1842 3915 1871 3990 si
1890 3939 2055 4014 magnae,

241 4034 271 4105 si
296 4031 467 4117 illustres,
492 4029 522 4102 si
548 4027 720 4103 difficiles
739 4040 898 4103 tractatu
911 4043 1046 4124 essent3
1070 4043 1135 4105 aut
1146 4033 1318 4109 voluntas
1335 4061 1476 4121 corum,
1504 4059 1599 4138 quos
1613 4033 1838 4110 defendisset
1867 4033 1933 4131 15).
1960 4035 2055 4110 Nam

240 4163 400 4249 utraque
438 4147 571 4221 harum
606 4173 804 4224 causarum
833 4148 1025 4248 impellere
1054 4153 1177 4251 potuit
1214 4153 1434 4232 Ciceronem
1458 4154 1507 4230 ad
1530 4153 1768 4230 scribendam
1793 4151 2054 4255 edendamque

241 4269 446 4342 orationem
477 4294 547 4369 pro
580 4268 633 4342 Μ.
658 4269 851 4342 Marcello.
876 4271 1008 4345 Nonne
1033 4295 1272 4372 permagnam
1296 4273 1329 4347 ei
1354 4301 1436 4352 rem
1459 4277 1575 4351 visam
1606 4301 1683 4352 esse
1714 4274 1883 4350 Marcelli
1910 4273 2057 4345 restitu-

240 4388 382 4462 tionem
406 4413 451 4461 ex
475 4388 645 4463 laudatae
670 4389 844 4489 epistolae
867 4389 990 4466 verbis
1010 4393 1252 4493 perspicitur:
1278 4391 1360 4469 noli
1380 4419 1585 4496 quaererc,·
1619 4397 1673 4469 ita
1698 4391 1790 4471 milei
1808 4391 1971 4493 pulcher
1994 4389 2056 4465 hic

239 4575 521 4595 μ

243 4672 289 4739 tt)
316 4669 373 4742 Qut
387 4668 518 4721 curiosius
532 4669 561 4722 in
575 4685 634 4724 eam
649 4687 706 4726 rem
729 4674 869 4743 inquirere
886 4673 1023 4741 vuluerit,
1044 4683 1108 4730 ente
1123 4673 1216 4729 emnia
1232 4671 1308 4726 adire
1321 4675 1427 4745 poterit
1443 4677 1596 4730 orationem
1610 4677 1640 4730 ia
1654 4678 1684 4738 P.
1697 4679 1826 4738 ctofflum
1846 4691 1875 4738 ,ι
1893 4685 2052 4746 Curionem,

316 4757 351 4811 de
365 4773 419 4828 qne
434 4757 541 4809 Tullius
558 4757 626 4812 haee
640 4761 724 4815 refert
738 4761 774 4816 ed
788 4761 845 4816 tat.
863 4765 912 4818 111.
931 4773 975 4823 ta.
997 4765 1178 4831 „Percueeieti
1203 4777 1246 4816 me
1266 4762 1347 4816 etlam
1361 4761 1533 4817 decretione
1547 4765 1665 4834 prolata.
1700 4769 1751 4824 cui
1769 4773 1886 4838 aulum,
1903 4781 1934 4827 ιη
1948 4773 2054 4838 mihis,

315 4845 433 4910 medere,
447 4843 472 4897 ei
482 4844 550 4916 quid
560 4854 649 4914 potes.
668 4849 771 4921 Scripsi
785 4851 914 4922 equidem
927 4853 994 4906 olim
1007 4853 1103 4917 iratae,
1110 4850 1185 4923 quod
1192 4851 1242 4904 itte
1249 4852 1325 4921 prior
1336 4853 1495 4922 scripserat,
1504 4854 1552 4908 sed
1564 4857 1603 4909 ita
1617 4873 1837 4929 compresseram,
1852 4869 1884 4914 ut
1901 4878 2050 4932 numquam

317 4940 485 4988 manaturam
501 4938 634 5000 putarem.
654 4933 812 5007 Quomodo
831 4938 964 4993 exciderit
984 4941 1085 4994 aceolo.
1125 4935 1179 4992 Sed
1198 4939 1263 5010 quia
1280 4955 1428 5012 numquam
1453 4941 1569 5010 eccidit,
1589 4953 1622 4998 uc
1637 4963 1699 5004 cum
1724 4965 1757 5002 ω
1768 4948 1854 5002 wgo
1872 4965 1928 5002 uno
1941 4963 2049 5001 comer·

317 5027 418 5088 w‘ml
437 5027 466 5072 a
479 5021 544 5091 (μὴ
555 5023 658 5089 ἀἷμ’
674 5023 743 5078 ”iffi
762 5024 872 5081 'idm'
884 5028 1076 5100 ”Mutffllluh
1092 5045 1175 5100 qum
1188 5033 1311 5099 ceterae?
1337 5035 1408 5100 Puto
1424 5045 1505 5100 putee
1525 5033 1654 5104 probari,
1672 5052 1729 5090 non
1750 5051 1808 5090 esee
1830 5053 1927 5092 meam.
1965 5033 2013 5100 td,
2030 5035 2053 5087 si

319 5117 408 5179 putee,
428 5125 471 5163 me
489 5124 569 5180 poue
588 5111 686 5176 mnan,
705 5127 782 5168 caree
801 5116 917 5176 velim·
