4724 6010
1915 339 2029 418 XXV

193 543 319 620 fessus
364 553 436 630 est,
472 553 511 613 et
540 561 579 613 se
614 535 768 612 illorum
798 533 914 610 vitam
945 529 1170 622 desiderare,
1196 543 1235 606 et
1257 557 1392 634 magno
1418 535 1458 608 in
1482 535 1654 636 periculo
1681 535 1954 637 rempublicam
1978 541 2037 615 fn·

195 675 336 750 turam,
357 661 387 734 si
402 671 468 734 aut
479 659 600 732 hostes
614 670 726 763 atque
740 656 997 732 interfectores
1008 647 1237 756 reipublicae
1253 649 1480 740 revixissent,
1503 664 1568 724 aut
1588 675 1653 750 ego
1672 677 1749 724 non
1764 657 2037 756 revertissem.“¹

299 785 390 857 Tria
414 794 514 870 sunt,
540 777 665 852 indice
683 774 838 868 sectio,
865 777 905 850 in
930 772 966 847 b.
993 772 1018 844 l.
1045 771 1227 846 obscura:
1259 782 1294 856 1)
1321 795 1397 870 quo
1424 771 1504 842 iure
1530 769 1593 842 illa
1618 769 1678 840 lex
1693 794 1769 842 non
1783 768 2035 864 deCicerone,

197 903 270 980 aed
296 903 344 978 de
371 902 472 978 Coss.
507 898 581 972 lata
603 895 771 986 dicatur;
818 896 855 990 a)
895 888 1089 993 quomodo
1129 886 1221 960 haec
1256 886 1373 960 verba
1413 886 1483 988 legi
1526 913 1547 960 a
1590 886 1725 960 Clodio
1771 893 2032 994 promulgatae

192 1021 360 1100 adscribi
374 1019 534 1122 possint:
560 1018 598 1114 3)
615 1039 730 1118 quem
744 1039 895 1088 sensum
907 1006 1151 1086 commodum
1165 1007 1328 1083 fundant
1344 1009 1426 1082 illae
1453 1008 1634 1108 argutiae:
1662 1011 1698 1082 si
1720 1025 1790 1082 unt
1821 1009 1949 1086 hostes
1966 1011 2026 1088 re·
2084 1079 2090 1091 .

199 1147 406 1228 vixissent,
432 1152 501 1212 aut
527 1161 599 1236 ego
625 1159 702 1210 non
728 1139 974 1210 revertissem.

202 1333 206 1350 ,
305 1258 543 1334 Manifestum
567 1269 639 1347 est,
670 1255 706 1330 la.
738 1256 764 1332 l.
794 1255 913 1330 facete
946 1269 984 1328 et
1015 1255 1197 1331 invidiose
1228 1254 1334 1356 loqui
1349 1253 1566 1342 Oratorem,
1600 1278 1722 1353 quum
1754 1255 1876 1354 prima
1909 1259 2034 1332 statim

197 1380 317 1458 verba
339 1405 408 1480 per
432 1377 592 1454 ironiam
617 1376 718 1451 dicta
744 1401 838 1465 esse,
863 1399 976 1450 nemo
1000 1400 1079 1449 non
1104 1377 1295 1475 intelligat.
1355 1375 1487 1475 Neque
1512 1376 1625 1474 igitur
1651 1377 1690 1448 in
1715 1375 1957 1476 sequentibus
1981 1391 2037 1452 eat

197 1499 429 1588 mirandum,
455 1497 561 1599 quod
587 1497 731 1588 Cicero,
758 1497 1027 1572 contumeliose
1052 1497 1316 1597 interpretatus
1341 1495 1464 1572 Clodii
1491 1495 1623 1586 rerba,
1650 1496 1729 1599 lege
1737 1553 1747 1586 ‚
1776 1525 1852 1599 qua
1877 1515 2033 1574 cautum

199 1637 290 1713 erat,
316 1621 472 1722 nequis
496 1619 544 1694 de
569 1618 781 1694 revocando
807 1618 989 1692 Cicerone
1014 1619 1052 1690 in
1078 1619 1218 1692 Senatu
1243 1616 1418 1706 referret,
1446 1617 1626 1692 Consules
1660 1619 1868 1696 insimulari
1910 1620 2033 1696 hostes

199 1769 278 1819 esse
302 1739 531 1843 reipublicae
563 1742 755 1842 ipsamque
789 1740 910 1840 legem
935 1739 982 1814 de
1008 1737 1141 1812 iisdem
1165 1761 1242 1812 esse
1268 1737 1391 1828 latam,
1417 1736 1608 1838 significat.
1633 1738 1915 1841 Argumentatio
1941 1742 2032 1818 haec

198 1860 295 1939 mihi
320 1858 474 1936 ridetur
497 1854 658 1932 subesse.
684 1859 744 1930 Ex
757 1857 934 1947 clausula,
959 1861 994 1931 si
1018 1863 1249 1932 revixissent
1274 1861 1473 1945 ii,-tum
1489 1883 1560 1956 ego
1571 1860 1749 1949 redirem,
1776 1887 1852 1962 qua
1868 1861 2025 1936 Clodius
2053 1869 2058 1882 '

200 1979 353 2060 volebat
365 1976 576 2084 probibere,
593 2003 642 2050 ne
659 1977 808 2052 Tullius
822 2003 1005 2077 umquam
1023 1977 1165 2052 rediret
1180 1985 1254 2081 27),
1280 1978 1406 2068 laic,ita
1419 1982 1693 2080 interpretatus,
1719 1985 1824 2084 quasi
1849 1987 2030 2060 sententia

201 2119 317 2182 esset:
344 2129 422 2179 non
436 2103 563 2203 fore,
595 2117 640 2176 nt
673 2106 754 2204 ipse
784 2103 948 2190 rediret,
979 2102 1051 2176 nisi
1084 2103 1124 2175 in
1155 2103 1271 2176 vitam
1301 2105 1464 2178 revocati
1500 2118 1621 2179 essent
1654 2105 1835 2182 Catilinae
1867 2113 1969 2201 socii,
2004 2137 2032 2186 s.

202 2247 421 2308 revocatum
445 2235 485 2307 in
509 2232 625 2306 vitam
650 2231 695 2304 iri
722 2229 903 2306 Catilinae
927 2227 1056 2315 socios,
1082 2227 1195 2302 simul
1219 2253 1263 2301 ac
1288 2229 1365 2329 ipse
1390 2229 1542 2322 rediret,
1568 2233 1823 2336 colligendum
1849 2264 1926 2313 esse
1943 2266 2031 2314 con-

201 2351 337 2440 tendit,
354 2352 539 2425 Consules
565 2349 770 2424 Gabinium
794 2363 832 2422 et
855 2349 1035 2424 Pisonem
1058 2348 1260 2448 germanos
1284 2377 1368 2425 esse
1391 2354 1593 2444 Lentulos,
1609 2383 1814 2456 germanos
1834 2361 2030 2462 Cethegus.

202 2473 265 2549 Illi
296 2475 399 2548 enim
427 2472 606 2548 simillimi
632 2485 739 2545 erant
772 2469 911 2546 borum
942 2469 1158 2562 bominum,
1200 2474 1266 2572 qui
1304 2499 1422 2574 paene
1461 2473 1639 2550 delevisse
1672 2480 1946 2581 rempublicam
1978 2483 2034 2557 di-

203 2607 356 2670 cuntur.
420 2593 567 2691 Quare,
609 2593 639 2667 si
664 2617 813 2666 necesse
838 2603 918 2666 erat
942 2619 989 2666 ex
1013 2591 1138 2668 Clodii
1163 2593 1308 2685 verbis,
1341 2609 1384 2669 ut
1413 2595 1593 2671 Catilinae
1628 2601 1719 2674 socii
1758 2603 1798 2675 in
1830 2605 1946 2679 vitam
1971 2634 2028 2680 re-

202 2728 449 2804 vocarentur,
486 2713 601 2788 simul
634 2739 678 2787 ac
702 2713 836 2788 Cicero
863 2712 1015 2805 rediret,
1041 2711 1135 2786 nibil
1159 2727 1239 2786 erat
1262 2716 1500 2790 verisimilius
1526 2732 1638 2820 atque
1651 2721 1894 2821 probabilius,
1916 2753 2034 2828 quam

201 2845 245 2908 ut
273 2833 313 2905 in
338 2831 566 2907 Consulibus
591 2830 645 2904 illi
673 2832 847 2906 revixisse
872 2845 1107 2934 putarentur,
1141 2858 1262 2933 quum
1294 2834 1429 2908 Cicero
1469 2837 1663 2912 restitutus
1701 2856 1804 2916 esset.
1856 2847 2034 2924 Manebat

203 2977 293 3054 ergo
319 2951 380 3024 lex
403 2949 528 3024 Clodii
563 2949 759 3040 Consules,
784 2961 876 3023 utne
902 2951 1124 3027 Ciceronem
1149 2954 1316 3026 revocari
1342 2967 1587 3054 paterentur,
1613 2958 1758 3036 nedum
1790 2965 1856 3065 ipsi
1889 2967 2032 3043 referre

202 3071 252 3148 de
283 3068 516 3145 restituendo
548 3070 729 3145 Cicerone
755 3085 1002 3164 conarentur3
1028 3086 1142 3174 atque
1167 3072 1258 3149 baec
1284 3101 1395 3149 causa
1421 3091 1486 3169 est,
1519 3103 1590 3154 eur
1621 3080 1669 3182 de
1706 3083 1934 3162 Consulibus
1965 3093 2034 3166 ista

202 3191 267 3266 lex
289 3215 365 3265 esse
402 3191 475 3265 lata
513 3191 672 3267 dicatur.
712 3194 838 3270 Verba
873 3198 943 3296 qni
971 3195 1065 3270 baec
1092 3223 1216 3298 paene
1246 3201 1424 3274 deterunt
1460 3200 1507 3274 ab
1534 3201 1692 3280 Oratore
1723 3233 1792 3282 suo
1820 3213 1972 3286 nomine
1999 3229 2036 3288 et

202 3309 346 3394 iudicio
370 3309 569 3383 substituta
594 3324 683 3386 eunt
723 3311 762 3384 in
793 3337 927 3390 eorum
965 3313 1103 3404 locum,
1141 3319 1280 3418 quibus
1319 3319 1476 3396 Clodius
1516 3321 1672 3398 fortasse
1716 3351 1806 3400 usus
1831 3344 1931 3404 erat:
1964 3340 2034 3436 qui

203 3432 412 3508 indemnati
433 3455 459 3505 a
486 3430 670 3505 Cicerone
694 3431 894 3532 interfecti
916 3449 1018 3508 sunt.
1069 3439 1124 3512 Ita
1149 3441 1325 3515 Horatius
1351 3442 1390 3514 in
1414 3441 1532 3544 Epist.
1560 3445 1589 3535 1,
1616 3471 1650 3541 r,
1675 3472 1710 3550 9.
1739 3474 1795 3554 sq.

688 3553 854 3624 (Antenor
874 3561 984 3616 censet
998 3555 1082 3644 belli
1103 3561 1295 3642 praecidere
1316 3583 1444 3626 causam

683 3643 771 3722 Quid
791 3644 903 3714 Parias
921 3655 958 3709 ut
977 3649 1078 3716 salros
1099 3663 1216 3739 regnet
1237 3656 1387 3739 vivatque
1409 3655 1535 3737 beatos,

685 3736 765 3820 Cogi
788 3759 880 3820 posse
904 3744 1025 3824 negat.)

198 3863 268 3915 suo
298 3840 450 3914 nomine
489 3835 600 3914 dicit:
634 3854 678 3913 nt
707 3841 834 3916 salens
863 3859 998 3942 regnet
1025 3851 1213 3956 vivatque
1239 3857 1398 3950 Motus,
1428 3887 1549 3963 quum
1580 3889 1627 3940 ex
1660 3870 1844 3944 sententia
1880 3871 2026 3948 Paridis

201 3957 523 4034 dicendumesset:
551 3975 594 4032 ut
618 3959 950 4038 Helenamreddct
974 3967 1160 4048 Menelao.
1186 3974 1297 4050 Adde
1323 3978 1401 4052 Cic.
1426 4006 1497 4080 pro
1521 3981 1633 4074 Sext,
1659 3987 1696 4080 S.
1727 4013 1786 4086 29.
1800 3989 2029 4094 „edixitque

201 4093 244 4155 ut
267 4081 315 4155 ab
341 4081 436 4158 urbe
461 4079 604 4156 abesset
627 4083 744 4156 millia
768 4109 947 4185 passuum
972 4087 1153 4183 ducenta,
1189 4095 1295 4196 quod
1326 4111 1421 4174 esset
1451 4127 1563 4178 ausus
1586 4131 1657 4205 pro
1690 4109 1788 4200 cive,
1825 4135 1896 4210 pro
1933 4111 2031 4188 bene

197 4205 332 4278 merito
357 4206 450 4295 cive,
475 4229 547 4306 pro
571 4206 709 4294 amico,
740 4232 811 4307 pro
843 4209 1037 4310 republica
1069 4211 1301 4316 deprecari.“
1325 4233 1363 4294 et
1393 4221 1441 4298 de
1472 4251 1579 4326 pror.
1613 4229 1737 4322 Cone,
1768 4235 1807 4325 S.
1840 4259 1893 4306 12.
1919 4239 2030 4325 „Piso

200 4335 326 4398 antem
350 4325 422 4398 alio
449 4323 616 4425 quodam
639 4324 753 4400 modo
779 4326 974 4429 gloriatur,
1011 4357 1050 4406 se
1084 4331 1191 4410 brevi
1217 4351 1384 4442 tempore
1415 4347 1637 4446 perfecisse,
1676 4375 1726 4422 ne
1759 4351 1800 4426 C.
1839 4353 2024 4432 Gabinius

196 4467 296 4518 unus
322 4445 490 4520 omnium
515 4447 764 4547 nequissimus
790 4448 1075 4525 existimaretur.
1099 4455 1274 4560 Denique
1299 4466 1476 4564 argutiae:
1502 4471 1538 4541 si
1551 4469 1759 4544 authostes
1777 4479 2028 4568 revixissent,

198 4575 269 4638 aut
289 4589 361 4664 ego
384 4589 461 4638 nou
485 4571 749 4656 reuertissem,
780 4567 882 4646 idem
911 4570 991 4647 fere
1022 4573 1247 4676 significant,
1280 4583 1379 4658 acsi
1405 4581 1576 4660 dixisset:
1613 4590 1655 4663 in
1679 4595 1826 4669 minore
1849 4597 2025 4698 periculo

199 4765 248 4834 27)
269 4765 405 4820 Similiter
423 4767 491 4826 Hor.
510 4769 598 4842 Epod.
620 4771 692 4841 xvl,
712 4773 760 4831 25.
780 4791 822 4846 eq.

700 4871 778 4938 „Sed
797 4874 916 4927 iuremus
935 4873 966 4926 in
981 4871 1064 4926 baec:
1085 4873 1174 4932 Simul
1193 4881 1256 4934 ineis
1276 4898 1341 4936 saxo
1362 4883 1486 4936 emerint

701 4961 786 5014 Vadis
806 4961 906 5029 lerata,
927 4979 962 5016 ne
981 4963 1070 5017 redire
1089 4967 1127 5022 tit
1146 4969 1251 5024 nefas-‘⁸
1271 4980 1325 5030 ete.

237 5051 280 5108 De
298 5053 462 5110 conditione
481 5058 540 5130 ipsa
561 5059 680 5116 conferri
699 5071 793 5134 potest
809 5081 850 5122 or.
869 5081 919 5136 pro
940 5066 1054 5131 Milone,
1076 5083 1098 5123 e.
1147 5073 1192 5128 29.
1215 5069 1345 5140 „Fingite
1365 5071 1450 5142 igitur
1470 5075 1641 5144 cogitatione
1659 5077 1806 5146 imaginem
1825 5073 1908 5127 haine
1928 5075 2025 5130 condi·

313 5146 399 5200 tionis
419 5163 506 5214 ureae,
520 5150 545 5203 ai
563 5151 667 5222 possim
687 5149 806 5230 efficere,
826 5161 858 5208 ut
878 5153 1011 5210 Milouem
1032 5153 1191 5224 absolvatis,
1209 5157 1258 5212 aod
1279 5161 1330 5228 ita,
1349 5163 1373 5214 ri
1393 5161 1424 5221 Ρ.
1444 5161 1559 5236 Clodius
1578 5162 1739 5222 resiterit.“

1684 5240 1709 5313 t
