4724 6010
1865 317 2015 454 ‚xm

190 560 336 640 dictum
362 573 426 649 est,
454 557 673 659 appellatam
697 549 842 630 lidem“·
860 565 936 642 αα).
962 549 1057 626 Nam
1083 551 1187 652 quod
1214 550 1346 625 Cicero
1373 551 1449 650 ipse
1475 550 1515 624 in
1540 551 1610 626 hoc
1638 565 1762 651 etymo
1788 553 1943 643 iocatur,
1968 553 2018 628 ad

172 693 175 700 ’
192 682 324 758 Famil.
338 679 441 768 XVI,
460 675 574 764 10.,id
591 673 685 746 nihil
701 669 863 762 detrabit
876 686 1023 745 nostrae
1037 672 1250 759 sententiae,
1263 667 1329 760 sed
1343 667 1570 744 luculentius
1582 670 1757 760 declarat,
1775 672 1821 746 de
1834 673 2017 746 industria

189 827 279 876 eum
303 803 342 874 in
367 791 1138 874 notationibus'vocabuloruminterdum
1161 792 1315 865 solitum
1340 815 1415 864 esse
1440 791 1607 890 leporem
1631 804 1778 864 tantum
1811 820 1854 868 ac
1879 793 2019 868 festivi·

191 935 306 996 tatem
330 930 506 1018 spectare.
558 911 724 987 Omnino
754 925 880 984 autem
910 911 1008 984 illud
1035 925 1169 985 notum
1194 923 1257 998 est,
1282 924 1453 983 veterum
1476 911 1704 1002 notationes,
1733 939 1846 1013 quam
1871 939 1976 1014 saepe
1997 943 2018 986 a

191 1065 282 1114 vero
307 1034 511 1124 discedant,
535 1059 581 1108 ex
606 1031 745 1132 quibus
770 1031 834 1104 illa
859 1044 924 1118 est,
950 1033 1051 1126 (nam
1077 1031 1164 1104 alias
1178 1031 1359 1103 mittimus
1375 1029 1446 1102 hoc
1460 1033 1641 1128 tempore)
1668 1045 2019 1131 quatestamentum

194 1157 368 1233 dicebant
393 1181 469 1228 esse
491 1157 727 1227 testationem
750 1155 902 1239 mentis,
928 1164 1060 1225 contra
1085 1152 1191 1252 quod
1216 1153 1378 1253 apposite
1406 1153 1606 1240 Gesnerus,
1632 1151 1683 1224 ad
1709 1179 1790 1226 eam
1805 1153 2018 1226 similitudi-

129 1341 130 1344 ,
192 1305 281 1352 nem
305 1301 452 1350 necesse
478 1299 566 1360 esse,
593 1285 635 1345 ut
650 1272 945 1346 calceamentum
970 1274 1017 1346 sit
1041 1275 1194 1348 calceus
1218 1279 1373 1348 mentis!
1395 1274 1469 1348 Sed
1495 1275 1691 1348 redeamus
1716 1275 1765 1348 ad
1784 1277 2018 1376 propositum

194 1411 374 1470 nostrum.
399 1393 482 1470 Non
507 1391 660 1466 videtur
685 1417 774 1494 ergo
800 1391 1011 1494 quidquam
1035 1395 1151 1482 iustae
1177 1395 1418 1468 dubitationis
1444 1393 1604 1483 babere,
1631 1397 1724 1496 quin
1750 1396 1881 1469 Cicero
1908 1397 2019 1469 etiam

193 1517 230 1590 b.
258 1516 281 1587 l.
307 1515 356 1588 ad
379 1514 603 1614 aequitatem
628 1514 801 1614 supplicii
827 1512 1008 1603 alludere,
1033 1526 1070 1586 et
1101 1540 1264 1614 aequum
1299 1515 1338 1586 in
1364 1516 1618 1614 Aequimaelii
1651 1518 1801 1589 nomine
1833 1517 2016 1614 argutiuS,

196 1663 311 1738 quam
348 1637 472 1710 verius
479 1691 490 1726 ,
522 1660 592 1734 pro
618 1638 761 1708 iustum
785 1636 952 1736 accipere
977 1636 1151 1734 potuerit.
1201 1633 1346 1707 Deinde
1372 1633 1421 1706 ad
1446 1659 1499 1706 or.
1532 1632 1579 1707 de
1604 1635 1759 1735 Harusp.
1788 1637 1898 1734 Resp.
1925 1661 1956 1710 a.
1982 1663 2017 1733 9.

195 1759 451 1856 Pontificatus
487 1769 654 1844 notatur,
692 1769 819 1856 utpote
857 1754 980 1830 dictus
1011 1781 1080 1856 pro
1119 1755 1351 1852 Pontificum
1396 1759 1579 1844 scientia,
1618 1767 1655 1828 et
1691 1761 1914 1856 Augurium
1950 1785 2019 1859 pro

194 1883 356 1952 scientia
380 1877 580 1976 augurali.
613 1875 663 1948 At
688 1890 788 1949 recte
815 1876 1004 1950 Gesnerus
1028 1888 1171 1966 monet,
1209 1876 1485 1972 Pontificatum
1517 1874 1553 1948 b.
1583 1877 1608 1948 l.
1633 1879 1722 1977 poni
1762 1904 1831 1977 pro
1864 1905 2020 1952 micuere

197 2003 445 2099 Pontificum,
472 2025 568 2100 quae
594 1998 757 2097 vulgaris
783 2011 837 2070 est
862 1997 1086 2099 significatio,
1103 1995 1214 2068 huius
1239 1994 1432 2090 vocabuli3
1466 1997 1554 2070 item
1578 2001 1786 2095 augurium
1811 2023 1887 2071 non
1914 1999 2020 2071 aliter

197 2121 233 2193 b.
259 2121 284 2202 l.
309 2122 473 2222 ponitur,
499 2145 542 2193 ac
567 2119 615 2192 de
641 2119 714 2191 off.
741 2119 807 2207 III,
838 2119 891 2190 16.
930 2117 1088 2213 „Quum
1120 2117 1159 2189 in
1191 2140 1275 2190 arce
1300 2117 1501 2216 augurium
1525 2117 1695 2216 Augures
1721 2119 1839 2190 acturi
1866 2128 2020 2190 essent.“

197 2243 243 2314 In
267 2241 518 2342 sequentibus,
534 2239 716 2341 fatorum
739 2256 889 2314 ueteres
909 2240 1190 2338 praedictiones
1207 2239 1397 2338 Apollinis
1415 2253 1548 2312 uatum
1561 2238 1683 2325 libris,
1709 2239 1824 2312 verba
1839 2239 2021 2338 fatorum

197 2375 347 2435 ueteres
370 2376 524 2462 propter
548 2364 836 2435 concinnitatem
858 2361 1018 2433 maxime
1043 2357 1188 2430 adiecta
1221 2372 1324 2445 sunt,
1365 2370 1407 2429 ut
1444 2355 1555 2430 buius
1593 2359 1785 2432 commatis
1825 2357 2020 2458 longitudo

202 2481 334 2556 eadem
359 2481 437 2554 fere
464 2496 566 2572 esset,
590 2510 633 2557 ac
657 2482 923 2583 praecedentis.
950 2482 1123 2553 Attamen
1149 2477 1239 2549 baec
1265 2477 1370 2577 copia
1395 2477 1472 2574 ipsa
1496 2500 1574 2548 non
1598 2489 1652 2547 est
1676 2475 1938 2574 vituperanda3
1976 2479 2022 2550 si-

202 2601 358 2702 quidem
379 2602 528 2674 nullum
553 2617 607 2676 est
630 2603 806 2690 verbum,
833 2599 938 2701 quod
961 2623 1114 2698 prorsus
1139 2595 1316 2684 abundet,
1342 2620 1385 2668 ae
1410 2595 1555 2668 nullam
1577 2597 1655 2668 vim
1680 2593 1821 2668 babeat.

294 2720 432 2796 Valerii
456 2722 572 2795 verba
595 2723 776 2795 nonnulla
801 2722 962 2822 speciem
987 2717 1299 2818 interpretationis
1326 2714 1473 2803 habent,
1499 2714 1623 2787 iudice
1642 2715 1790 2803 Beclio,
1818 2717 1925 2789 cuius
1940 2739 2021 2789 sen-

203 2843 337 2914 tentiae
363 2841 585 2940 suffragatur
610 2843 771 2916 aliorum
794 2841 984 2930 locorum,
1011 2840 1077 2938 qui
1103 2837 1214 2910 sumti
1239 2848 1327 2906 sunt
1351 2861 1396 2906 ex
1422 2834 1537 2907 Tullii
1563 2833 1685 2921 libris,
1727 2849 1900 2909 accurata
1924 2861 2024 2910 com·

203 2962 356 3059 paratio.
369 2961 500 3034 Cicero
515 2963 624 3050 enim,
641 2975 683 3034 ut
705 2987 825 3034 unum
843 2958 1037 3032 afferamus
1052 2955 1274 3056 exemplum,
1301 2954 1348 3027 de
1361 2957 1439 3025 Nat.
1467 2955 1579 3036 Beer,
1599 2955 1664 3044 Ill,
1682 2957 1740 3047 34.
1765 2957 1830 3029 ait:
1857 2957 2025 3055 „Diony-

206 3081 292 3167 sius,
317 3105 437 3180 quum
461 3079 591 3154 fanum
615 3081 856 3178 Proserpinae
882 3079 1012 3152 Locris
1044 3076 1286 3177 expilavisset,
1311 3074 1504 3175 navigabat
1528 3079 1745 3176 Syracusas,
1772 3079 1878 3179 isque
1905 3104 2026 3179 quum

206 3196 474 3270 secundissimo
498 3211 609 3270 vento
635 3221 789 3270 cursum
813 3209 966 3288 teneret,
992 3197 1136 3285 ridens,
1162 3199 1365 3287 videtisne,
1402 3200 1543 3298 inquit,
1583 3203 1715 3286 amici,
1742 3225 1856 3298 quum
1880 3199 1977 3271 bona
2001 3227 2026 3272 a

209 3317 283 3390 diis
308 3315 581 3389 immortalibus
606 3321 795 3412 navigatio
820 3317 1019 3414 sacrilegis
1042 3317 1178 3390 detur?
1202 3321 1326 3421 Atque
1353 3319 1631 3407 homunculus,
1659 3345 1778 3420 quum
1792 3318 2027 3419 beneplane·

208 3462 282 3538 que
293 3438 526 3537 percepIsset,
553 3438 591 3508 in
606 3435 737 3509 eadem
753 3437 933 3510 sententia
946 3437 1222 3535 perseverabam
1249 3439 1325 3537 qui,
1352 3462 1472 3538 quum
1491 3435 1539 3509 ad
1550 3435 1849 3537 Peloponnesum
1874 3435 2027 3511 classem

209 3558 419 3660 appulisset,
446 3571 482 3630 et
502 3559 540 3629 in
565 3555 695 3630 sanum
718 3559 878 3631 venisset
901 3559 997 3631 Iovis
1024 3557 1202 3657 Olympii,
1228 3582 1385 3629 aureum
1409 3556 1441 3627 ei
1467 3553 1628 3626 detraxit
1651 3555 1865 3646 amiculum,
1889 3555 2027 3656 grandi

207 3677 391 3778 pondere,
426 3703 502 3778 quo
526 3683 651 3751 lovem
676 3689 825 3750 ornarat
849 3701 895 3750 ex
906 3675 1091 3749 manubiis
1105 3676 1462 3776 Carthaginiensium
1486 3686 1667 3772 tyrannus
1696 3676 1811 3764 Gelo,
1844 3688 1956 3776 atque
1989 3679 2027 3750 in

210 3822 254 3870 eo
280 3797 391 3870 etiam
415 3797 604 3870 cavillatus
627 3810 692 3885 est,
718 3811 860 3869 aestate
883 3822 997 3894 graue
1022 3821 1103 3869 esse
1119 3821 1277 3870 aureum
1291 3795 1510 3882 amiculum,
1537 3793 1655 3866 hieme
1670 3793 1889 3893 frigidum,
1916 3799 2026 3898 eique

209 3917 359 3990 laneum
382 3916 540 4017 pallium
556 3917 693 4005 iniecit,
720 3943 840 4018 quum
865 3918 906 3991 id
927 3945 1008 3991 esse
1033 3921 1085 3992 ad
1107 3943 1213 3993 omne
1237 3921 1331 3992 anni
1355 3930 1501 4014 tempus
1525 3913 1677 3986 diceret.
1703 3913 1885 4014 Idemque
1895 3919 2028 3990 Aescu-

210 4035 296 4136 lapii
321 4036 503 4138 Epidauri
525 4036 680 4110 barbam
704 4063 856 4110 auream
881 4037 980 4112 demi
1007 4041 1130 4134 iussit,
1169 4063 1291 4140 neque
1324 4040 1423 4110 enim
1455 4038 1675 4122 convenire,
1712 4033 1911 4107 barbatum
1947 4061 2028 4110 esse

199 4157 344 4253 filium,
370 4183 488 4258 quum
516 4162 555 4230 in
581 4157 752 4230 omnibus
763 4159 881 4258 fanis
895 4175 1007 4252 pater
1032 4159 1208 4236 ineberbis
1231 4171 1339 4232 esset.
1385 4159 1471 4230 Jam
1505 4180 1650 4229 mensas
1691 4168 1879 4258 argenteas
1911 4153 1958 4228 de
1993 4180 2031 4228 o-

209 4279 355 4352 mnibus
375 4279 541 4354 delubris
555 4283 659 4354 iussit
677 4281 837 4374 auferri3
865 4283 1057 4383 inquibus
1084 4279 1189 4384 quod
1213 4302 1317 4351 more
1341 4279 1475 4352 veteris
1490 4278 1668 4351 Graeciae
1682 4277 1900 4375 inscriptum
1926 4286 2030 4363 esset,

208 4397 390 4474 bonorum
414 4403 584 4491 deorum,
611 4409 669 4478 uti
693 4429 735 4476 se
759 4430 890 4478 eorum
915 4405 1081 4481 bonitate
1103 4401 1203 4476 uelle
1235 4401 1392 4478 dicebat.
1444 4400 1551 4474 Idem
1583 4396 1792 4473 victoriolas
1831 4418 1960 4468 aureas
1994 4407 2031 4468 et

207 4530 348 4618 pateras
385 4545 625 4621 coronasque,
667 4547 762 4622 quae
789 4520 1077 4598 simulacrorum
1100 4526 1283 4627 porrectis
1306 4522 1478 4598 manibus
1504 4520 1791 4606 sustinebantur,
1819 4517 1896 4591 sine
1922 4515 2031 4590 dubi-

208 4639 345 4712 tatione
360 4639 529 4735 tollebat3
556 4667 691 4744 easque
715 4647 960 4743 reaccipere,
979 4670 1054 4718 non
1069 4646 1230 4748 auferre
1256 4646 1418 4722 dicebat:
1445 4669 1527 4717 esse
1542 4644 1640 4716 enim
1664 4641 1880 4727 stultitiam,
1906 4666 1929 4710 a
1949 4641 2032 4739 qtti-

209 4757 281 4833 bus
313 4759 411 4834 bona
432 4783 693 4862 precaremur,
718 4764 765 4839 ab
791 4768 839 4839 iis
859 4767 1151 4866 porrigentibus
1177 4783 1215 4842 et
1238 4765 1416 4842 dantibus
1440 4763 1540 4838 nolle
1555 4787 1713 4837 sumere.
1741 4757 1848 4858 Quae
1863 4758 2033 4836 Valerius

212 4984 261 5051 Μ)
291 4983 332 5042 Cl'.
355 4985 449 5056 fragm.
471 4985 504 5038 de
526 4989 640 5056 Republ.
661 4991 707 5043 lV.
739 4989 812 5060 apud
841 4991 960 5045 Nonium
987 5007 1008 5042 a.
1038 5007 1066 5045 r.
1090 4991 1183 5056 ttden
1214 4993 1243 5040 et
1269 4986 1304 5041 ad
1330 4987 1405 5046 Fam.
1430 4981 1500 5052 titt,
1524 4998 1568 5044 to.
1590 4983 1668 5040 Adde
1692 4987 1721 5038 in
1741 4983 1819 5039 Verr.
1840 4983 1862 5045 1,
1883 4977 1929 5038 ¹⁸6·
1958 4975 2034 5043 „llll

286 5073 427 5144 negabant
445 5075 596 5128 mirandum
617 5093 683 5142 esse,
705 5080 803 5132 iustam
824 5095 943 5150 nequam
961 5094 1020 5130 esse
1040 5078 1201 5131 Verrinunm
1222 5077 1270 5130 elii
1289 5077 1372 5130 etiam
1393 5075 1547 5148 frigidiores
1567 5083 1661 5142 erant;
1693 5071 1756 5137 aed,
1788 5070 1852 5141 quia
1877 5063 2033 5128 stomachi,

287 5161 396 5226 bantur,
417 5162 525 5217 ridiculi
544 5163 709 5218 videbantur
727 5184 802 5231 esse,
836 5185 919 5239 quium
940 5165 1115 5219 Sacerdotem
1136 5165 1348 5230 execrabantur,
1375 5167 1423 5236 qai
1443 5165 1555 5222 Verrem
1574 5172 1630 5220 tam
1650 5177 1769 5233 nequam
1789 5155 1974 5227 reliquisset.“
2004 5159 2034 5207 et

286 5263 335 5316 pro
357 5250 465 5310 Clueut.
485 5269 507 5306 a.
528 5251 575 5314 26.
596 5253 728 5320 „Guttam
748 5253 885 5328 adspergit
905 5255 969 5308 lauis
989 5253 1112 5312 Bulb0.“
1133 5256 1163 5310 in
1183 5255 1261 5314 len.
1281 5257 1317 5321 11,
1337 5255 1366 5316 6.
1378 5254 1415 5312 al.
