4724 6010
322 297 441 377 XXII

323 511 481 573 testatur
505 521 559 571 or.
586 497 625 570 in
649 495 770 570 Pison.
798 519 829 569 e.
858 515 911 568 ια.
938 494 1067 592 Quare
1092 517 1169 568 non
1195 491 1422 581 dubitamus,
1448 489 1543 594 quin
1566 489 1736 589 Scriptus
1761 487 1908 564 Gabinii
1941 490 2058 566 fasces
2091 517 2155 568 eo-

324 613 458 712 gitarit.
495 611 620 690 Verba
645 611 860 706 honorifica,
886 618 1022 688 summi
1046 617 1176 687 viriet
1200 614 1403 686 clarissimi
1429 610 1621 700 Consulis,
1648 623 1816 712 spectant
1840 613 1954 711 ipsius
1976 613 2151 689 Consulis

325 735 494 822 Romani,
519 759 597 806 non
622 733 791 822 hominis,
830 734 896 834 qui
938 733 1070 808 consul
1109 744 1198 822 erat,
1234 729 1454 832 dignitatem
1489 731 1579 829 (vid.
1617 729 1883 832 Wyttenbach.
1917 731 1966 805 ad
1989 735 2067 812 Cic.
2103 734 2152 808 de

328 853 414 950 Leg.
456 850 485 939 1,
519 851 567 946 5).
629 850 673 922 In
716 850 831 924 altera
870 863 956 952 post
998 851 1166 928 reditum
1207 852 1396 944 oratione,
1438 879 1471 928 c.
1502 854 1537 928 6.
1575 850 1727 926 nullum
1763 849 1917 924 honoris
1957 850 2148 951 epitheton

326 963 515 1044 adiectum
541 983 603 1044 est.

424 1090 596 1168 Verbum
627 1093 831 1182 excedere,
857 1091 894 1166 h.
921 1095 945 1167 l.
971 1095 1135 1196 positum
1158 1119 1228 1196 pro
1251 1099 1385 1196 egredi
1408 1123 1462 1174 esc
1494 1094 1611 1183 Urbe,
1637 1093 1813 1168 Ernestio
1838 1105 1875 1166 et
1905 1091 2046 1168 Wolfio
2079 1093 2153 1168 dis-

327 1212 452 1312 plicet,
479 1210 618 1312 quihus
644 1237 747 1287 nunc
771 1214 856 1287 satis
877 1213 999 1288 fecere
1026 1214 1214 1306 nolumus,
1253 1219 1342 1316 quia
1376 1217 1482 1291 loeus
1514 1226 1642 1288 noster
1671 1211 1718 1285 ab
1750 1211 1813 1284 illa
1851 1225 1957 1313 parte
1989 1239 2066 1286 non
2099 1227 2152 1288 est

326 1346 476 1406 notatus
502 1359 523 1404 a
548 1331 698 1406 Beckio.
740 1335 796 1407 Ita
821 1340 933 1408 etiam
958 1337 997 1407 in
1022 1337 1176 1437 reliquis
1204 1336 1296 1410 locis
1322 1364 1364 1410 ea
1388 1349 1535 1409 tantum
1560 1331 1764 1406 defendere
1795 1333 2028 1425 conabimur,
2056 1359 2150 1435 quae

328 1450 374 1524 ab
401 1450 534 1526 eodem
558 1455 651 1543 viro,
678 1467 721 1526 ut
745 1455 785 1526 in
809 1457 939 1554 primis
963 1457 1106 1552 vitiosa,
1131 1453 1239 1530 nobis
1265 1455 1515 1529 demonstrata
1541 1467 1663 1527 erunt.

426 1570 467 1643 C.
494 1572 529 1664 4.
552 1572 711 1667 „Quum
734 1575 972 1674 praeclarum
997 1589 1111 1676 caput
1135 1578 1365 1666 recitaretur,
1405 1603 1453 1648 ne
1484 1577 1568 1677 quis
1600 1573 1649 1648 ad
1686 1599 1752 1649 vos
1782 1573 1950 1664 referret,
1983 1601 2030 1647 ne
2067 1577 2150 1676 quis

327 1687 558 1783 decerneret,
586 1719 634 1765 ne
660 1692 876 1796 disputaret,
903 1723 951 1770 ne
976 1697 1207 1797 loqueretur,
1240 1725 1288 1772 ne
1327 1694 1487 1798 pedibus
1520 1697 1600 1784 iret,
1643 1721 1691 1767 ne
1732 1693 1932 1768 scribendo
1970 1693 2149 1767 adesset.“

423 1811 486 1884 Ne
507 1813 668 1912 pedihus
694 1819 782 1904 iret,
794 1817 873 1890 scil.
901 1822 941 1891 in
965 1823 1190 1892 senteutiam
1214 1822 1453 1917 cuiusquam.
1478 1816 1577 1888 Haec
1602 1814 1716 1888 verba
1730 1841 1939 1915 numquam
1953 1813 2147 1888 nonadiici

327 1933 445 2007 solere
472 1948 509 2007 et
532 1959 685 2034 prorsus
708 1939 913 2010 necessaria
939 1963 1027 2028 esse,
1054 1939 1298 2014 Marklandus
1325 1937 1528 2026 contendit,
1555 1938 1621 2037 qui
1646 1936 1715 2010 sibi
1742 1936 1778 2009 h.
1804 1937 1829 2010 l.
1854 1949 1980 2010 tenere
1996 1936 2152 2011 videtur

327 2056 526 2155 vestigium
557 2056 717 2132 hominis
743 2061 992 2159 provincialis,
1019 2075 1145 2162 atque,
1176 2073 1220 2134 ut
1254 2063 1333 2135 eius
1364 2061 1590 2160 imperitiam
1626 2057 1741 2158 magis
1780 2058 1969 2147 ostendat,
2013 2058 2151 2132 eodem

329 2177 412 2249 iure
437 2177 600 2252 scribere
626 2179 773 2252 licuisse
800 2179 902 2271 dicit,
929 2187 1088 2283 nequis
1113 2184 1275 2270 adesset,
1301 2180 1367 2254 ubi
1393 2179 1548 2280 legatur,
1574 2205 1623 2254 ne
1652 2185 1741 2280 quis
1765 2179 1964 2252 scribendo
1987 2180 2147 2253 adesset.

326 2301 500 2372 Attamen
526 2300 658 2373 adesse
684 2303 768 2402 quis
797 2313 919 2403 potest
949 2305 1061 2375 variis
1095 2302 1217 2374 modis
1249 2315 1361 2403 atque
1400 2299 1618 2391 rationibus,
1655 2327 1817 2401 quarum
1862 2326 1937 2372 una
1973 2296 2152 2372 definitur

328 2417 475 2493 adiecto
500 2419 692 2493 scribendi
714 2421 848 2495 verbo:
870 2423 1032 2523 pedibus
1057 2427 1114 2497 ire
1139 2435 1240 2498 certa
1265 2419 1449 2523 quaedam
1474 2434 1529 2494 est
1552 2419 1726 2508 formula,
1744 2421 1851 2494 euius
1867 2421 1970 2492 notio
1986 2433 2023 2491 et
2040 2419 2154 2518 signi-

329 2537 462 2627 ficatio,
490 2541 519 2613 si
545 2555 795 2641 componatur
820 2569 908 2618 cum
932 2544 1055 2618 verbis
1082 2544 1293 2644 referendi,
1319 2544 1649 2631 decernendi,aliis
1675 2546 1714 2617 in
1739 2546 1879 2618 Senatu
1905 2546 2057 2633 usitatis,
2076 2569 2152 2616 non

327 2674 449 2760 potest
473 2660 645 2762 ambigua
671 2689 763 2758 esse,
789 2667 839 2738 ita
861 2679 904 2738 ut
929 2665 1068 2741 addere
1095 2670 1134 2739 in
1166 2667 1405 2751 sententiam,
1439 2689 1515 2736 non
1553 2665 1686 2740 habeas
1722 2691 1881 2754 neeesse,
1918 2665 1987 2738 nisi
2028 2665 2148 2762 ipsam

330 2779 486 2856 definire
514 2789 735 2860 sententiam
758 2788 933 2881 volueris,
960 2789 999 2861 in
1010 2785 1413 2890 quampedibuseatur.
1437 2781 1497 2857 Sic
1514 2783 1595 2858 Liv.
1606 2783 1651 2872 V,
1661 2809 1697 2881 9.
1721 2783 2151 2882 „Inquamsententiam

330 2928 452 3002 quum
486 2905 646 3002 pedibus
672 2909 829 2980 iretur.“
874 2910 950 2984 Cic.
983 2907 1033 2982 ad
1070 2909 1118 3004 Q.
1143 2908 1205 2980 Fr.
1233 2907 1280 2994 ΙΙ,
1312 2931 1339 2977 ι.
1376 2905 1532 2994 „Ibatur
1557 2908 1595 2978 in
1621 2933 1703 2979 eam
1728 2905 1989 2978 seutentiam.“
2034 2905 2154 2974 Porro

328 3022 574 3097 Marklandus
599 3038 703 3098 notat
728 3026 933 3100 cumulatas
958 3029 1196 3128 loquutiones
1223 3028 1262 3096 in
1287 3022 1358 3096 hoc
1390 3029 1531 3124 capite,
1567 3029 1674 3100 cuius
1706 3052 1858 3101 carmen
1890 3025 2045 3098 servarit
2076 3024 2151 3096 Cic.

330 3140 380 3214 ad
405 3143 515 3214 Attic.
542 3142 607 3233 111,
641 3145 692 3235 15,
719 3172 746 3218 s.
772 3144 798 3217 f.
824 3147 1033 3246 „Scripsisti
1061 3143 1109 3220 ad
1133 3171 1211 3233 me,
1250 3140 1443 3242 quoddam
1475 3157 1588 3243 caput
1618 3147 1707 3245 legis
1739 3145 1916 3218 Clodium
1947 3147 1986 3217 in
2027 3145 2155 3217 curiae

329 3277 432 3362 poste
459 3261 596 3336 fixisse:
623 3267 686 3339 Ne
708 3267 867 3366 referri,
893 3294 990 3342 neue
1014 3269 1091 3340 diei
1115 3267 1293 3340 liceret.“
1317 3263 1361 3334 In
1378 3263 1579 3362 quovelim
1597 3266 1819 3353 consideres,
1846 3263 2153 3364 aliudepistolam

330 3406 418 3470 esse,
445 3383 548 3457 alind
574 3389 789 3462 orationem.
831 3387 946 3482 Quod
973 3386 1146 3486 epistolae
1171 3386 1331 3485 scriptor
1354 3380 1520 3456 breviter
1543 3397 1708 3474 enarrat,
1746 3385 1786 3458 id
1816 3385 1991 3484 pluribus
2028 3382 2153 3457 verbis

332 3504 533 3605 amplificat
559 3520 694 3580 orator.
723 3513 852 3608 Itaque
878 3503 1028 3578 Tullius
1054 3503 1089 3574 h.
1116 3502 1139 3575 l.
1162 3529 1231 3602 pro
1256 3502 1334 3574 dici
1356 3499 1475 3571 varias
1500 3501 1651 3576 dicendi
1675 3507 1844 3576 rationes
1882 3508 2007 3606 ponit,
2041 3516 2155 3604 atque

328 3624 484 3723 insuper
508 3625 613 3700 addit
638 3625 924 3728 amplificatione
964 3624 1123 3697 oratoria
1144 3627 1306 3723 pedibus
1331 3629 1388 3699 ire
1421 3638 1458 3699 et
1495 3626 1694 3703 scribendo
1740 3629 1887 3718 adesse,
1921 3641 1964 3701 ut
2000 3626 2153 3727 singulis

329 3749 593 3823 enumerandis
618 3752 787 3850 partibus
814 3749 1032 3823 auditorum
1055 3749 1196 3822 animos
1220 3747 1430 3848 gravissime
1456 3749 1651 3847 percutiat.

433 3871 474 3945 C.
501 3869 533 3946 5.
582 3871 740 3964 „Quum
763 3896 828 3944 vos
853 3871 1077 3965 (Senatores)
1102 3880 1241 3940 vestem
1265 3867 1483 3940 mutandam
1509 3872 1751 3962 censuissetis,
1779 3875 1982 3973 cunctique
2016 3884 2154 3946 mutas·

331 3987 427 4074 setis,
455 3997 566 4084 atque
593 3985 692 4062 idem
719 4013 847 4062 omnes
871 3990 962 4063 boni
995 3989 1069 4062 iam
1103 4000 1187 4059 ante
1219 3985 1409 4079 fecissent3
1446 3989 1509 4062 ille
1541 3994 1738 4089 unguentis
1775 3992 1914 4067 oblitus
1947 4017 2035 4068 cum
2071 4005 2154 4093 toga

330 4119 531 4208 praetexta,
558 4129 669 4205 quam
696 4135 823 4182 omnes
848 4113 1040 4183 Praetores
1065 4106 1292 4207 Aedilesque
1313 4119 1395 4180 tum
1421 4108 1640 4202 abiecerunt,
1668 4115 1806 4188 irrisit“
1828 4127 1897 4188 etc.

430 4228 589 4323 Quaerit
614 4228 684 4302 hoc
711 4230 793 4305 loeo
818 4229 1074 4318 Marklandus,
1102 4255 1226 4302 annon
1253 4253 1378 4320 exeo,
1405 4230 1509 4332 quod
1533 4234 1677 4308 Auctor
1699 4238 2157 4313 mentionemPraetorum
2288 4243 2293 4250 '

331 4361 368 4420 et
393 4348 585 4421 Aedilium
611 4375 777 4423 seorsum
800 4351 942 4441 fecerit,
970 4349 1168 4426 dubitandi
1197 4375 1306 4423 causa
1331 4351 1387 4439 sit,
1414 4379 1460 4424 an
1486 4354 1623 4430 issatis
1649 4361 1749 4433 norit
1780 4359 1945 4433 instituta
1976 4357 2155 4446 Romana,

331 4469 542 4569 scientque,
570 4496 697 4543 omnes
722 4474 912 4547 Praetores
938 4485 976 4544 et
999 4471 1148 4545 Aediles
1174 4471 1286 4545 fuisse
1313 4471 1462 4547 eosdem
1496 4474 1703 4550 Senatores.
1753 4479 1822 4551 Cui
1863 4479 2051 4554 Gesnerus
2099 4505 2156 4552 re-

332 4587 501 4688 spondet,
527 4587 631 4662 aliud
657 4615 744 4679 esse,
769 4607 909 4666 vestem
939 4607 1086 4668 mutant
1111 4595 1237 4667 cuncti
1273 4594 1477 4684 Senatores,
1509 4621 1575 4668 seu
1608 4595 1798 4672 sordidam
1829 4614 1969 4674 vestem
2001 4611 2156 4674 sumunt

331 4731 400 4806 pro
428 4705 607 4779 candida:
634 4695 853 4798 aliudesse,
886 4726 1114 4812 praetextam
1129 4716 1283 4811 (vestem
1318 4717 1600 4813 magistratuum
1623 4720 1830 4819 propriam)
1857 4719 2047 4807 abiiciunt,
2080 4721 2154 4820 qui

332 4825 390 4898 ius
416 4825 515 4902 illius
543 4827 690 4901 habent.
720 4829 847 4926 Quare
873 4835 983 4907 etiam
1005 4833 1386 4910 wolfiustttarttandi
1413 4839 1663 4938 suspicionem
1688 4840 1735 4917 de
1761 4843 1966 4946 ignorantia
1987 4841 2154 4942 Scripto-

334 4949 386 5025 ris
412 4951 608 5051 improbat.

434 5074 476 5148 C.
504 5101 537 5178 7.
563 5076 786 5179 „Capuaene
811 5086 847 5148 te
871 5073 1037 5175 putabas,
1064 5080 1102 5150 in
1129 5104 1204 5179 qua
1228 5078 1324 5154 urhe
1351 5078 1584 5157 domicilium
1616 5083 1808 5184 quondam
1841 5082 2038 5183 superbiae
2073 5081 2154 5168 luit,
