4724 6010
1508 422 1515 441 ·
1599 488 1610 504 .
1710 341 1745 395 ¹‘
1860 343 2012 464 xisti.

167 528 369 666 46.),'tuin
392 567 516 644 verbis
542 580 580 642 et
604 565 779 695 lorqrulis
804 561 956 672 dicendi
980 563 1042 660 (c,
1056 587 1091 663 9.
1118 565 1209 664 38.);
1246 567 1318 642 alia
1349 566 1472 669 inepte
1512 559 1560 665 (ὅ.
1587 569 1646 662 4ο.
1669 571 1742 672 57.)
1775 595 1852 645 esse
1886 557 1996 691 alipta,

165 713 293 788 neque
318 701 363 762 ut
388 675 610 762 Ciceronem
635 676 789 780 dioclet.
953 692 959 703 '

267 813 326 884 De
351 813 455 886 omni
479 811 655 886 orationis
680 808 846 884 decursu
871 803 1034 882 et⁴modo
1058 831 1171 910 supra
1197 806 1428 910 disputatum
1453 823 1517 900 est,
1543 837 1581 912 p.
1605 811 1694 906 x1.;
1721 812 1997 914 singuloslocos

163 927 304 1002 eodem
327 929 479 1020 ordine,
499 953 577 1031 quo
601 928 755 1004 indicati
780 943 915 1008 sunta
940 933 1111 1020 Censore,
1137 955 1241 1005 nunc
1267 931 1514 1006 examinaturi
1540 955 1679 1005 sumus.

270 1055 312 1128 C.
345 1054 397 1146 ¹4·
422 1061 503 1144 „lta
526 1055 691 1156 populus
714 1058 903 1130 Romanus
926 1053 1032 1130 brevi
1058 1065 1227 1151 tempore
1252 1076 1376 1153 neque
1391 1055 1531 1152 Regem
1548 1057 1900 1152 sacrorum,·ndque
1914 1053 1998 1126 Fla·
2027 1084 2037 1107 ·

162 1177 301 1270 mines,
324 1201 398 1250 nec
422 1173 539 1252 Salios
564 1175 728 1268 babebit,
753 1202 824 1251 nec
849 1189 1025 1277 exparte
1051 1163 1208 1247 dimidia
1232 1173 1399 1274 reliquos
1424 1174 1644 1261 sacerdotes,
1677 1199 1799 1276 neque
1826 1185 1996 1248 auctores

166 1300 468 1374 centuriatorum
492 1313 530 1374 et
543 1302 777 1376 curiatorum
802 1299 1066 1388 comitiorum
1091 1295 1487 1396 auspiciaquepopuli
1513 1297 1681 1384 Romani,
1708 1297 1737 1369 si
1762 1295 1997 1394 magistratus

168 1418 317 1518 patricii
343 1420 457 1492 creati
479 1443 558 1491 non
581 1421 665 1508 sint,
692 1418 876 1492 intereant
899 1441 1049 1492 necesse
1074 1428 1139 1508 est,
1166 1439 1288 1517 quum
1298 1416 1470 1490 Interrex
1482 1416 1612 1490 nullus
1626 1416 1683 1507 sit,
1707 1414 1813 1517 quod
1825 1428 1861 1490 et
1876 1417 1999 1515 ipsum

169 1540 371 1640 patricium
396 1565 485 1630 esse,
510 1553 547 1614 et
571 1567 593 1612 a
616 1541 773 1641 patricio
797 1539 908 1640 prodi
933 1564 1084 1613 necesse
1110 1546 1202 1616 est.“

269 1660 484 1761 Dupliciter
513 1663 685 1764 imperite
711 1659 841 1760 fecisse
867 1658 903 1732 b.
929 1659 952 1732 l.
979 1659 1149 1761 Scriptor
1174 1661 1345 1760 arguitur
1368 1686 1390 1733 a
1412 1657 1564 1736 Wolfio.
1600 1659 1780 1746 Primum,
1808 1659 1913 1758 quod
1937 1685 2002 1758 pa·
2071 1651 2082 1660 ”

174 1778 300 1852 tricies
325 1779 439 1852 etiam
461 1792 553 1878 tunq
569 1779 712 1880 putarit
732 1791 903 1853 auctores
917 1775 1035 1852 factos
1049 1776 1302 1878 comitiorum,
1329 1775 1369 1850 id
1385 1776 1488 1878 quod
1499 1779 1631 1878 priscis
1649 1777 1806 1878 quidem
1821 1778 2002 1863 aetatibus

175 1924 306 1974 serum
329 1899 457 1989 luerit,
482 1925 560 1974 non
585 1899 840 1989 Ciceroniana,
867 1923 943 2000 qua
965 1897 1183 2001 patriciatus
1207 1903 1347 1974 nemini
1373 1903 1474 1976 viam
1497 1904 1537 1975 in
1562 1905 1741 1976 Senatum
1771 1914 1837 1974 aut
1860 1905 2003 2004 praeci·

177 2042 294 2118 puum
318 2018 448 2092 locum
470 2016 588 2107 daret,
613 2016 681 2092 sed
705 2017 769 2092 illa
793 2019 1007 2108 auctoritas,
1032 2021 1062 2092 si
1087 2019 1202 2094 modo
1226 2020 1358 2112 fuerit,
1401 2048 1479 2096 esse
1503 2023 1678 2097 debuerit
1702 2021 1879 2111 Senatus,
1906 2025 1929 2094 i.
1957 2049 2001 2112 e.‚

178 2139 339 2226 Petrum,
365 2159 443 2210 non
467 2137 731 2236 patriciorum
762 2135 912 2230 deinde,
939 2139 1044 2239 quod
1061 2140 1151 2212 tanti
1166 2143 1308 2237 putarit
1333 2139 1429 2214 bane
1453 2165 1604 2214 omnem
1627 2167 1719 2229 rem,
1746 2139 1850 2242 quod
1875 2143 2002 2214 Patres

65 2323 71 2334 .
177 2267 346 2329 auctores
372 2252 505 2326 fierent
529 2279 679 2346 eorum,
707 2282 803 2358 quae
827 2258 990 2359 populus
1015 2261 1056 2334 in
1081 2261 1240 2338 comitiis
1265 2261 1440 2349 iussisset,
1465 2258 1500 2334 b.
1528 2287 1572 2354 e.,
1598 2287 1645 2334 ex
1668 2271 1797 2332 nostro
1821 2257 2004 2358 loquendi

178 2397 291 2462 more,
319 2373 596 2466 confirmarent,
621 2376 882 2478 approbarem,
908 2391 988 2454 rata
1011 2381 1179 2462 facerent
1203 2382 1331 2484 populi
1358 2381 1459 2454 scita.
1499 2381 1549 2453 At
1572 2381 1663 2454 mibi
1690 2377 1944 2480 colligendum
1958 2405 2006 2454 ex

178 2489 248 2568 boc
272 2492 358 2568 loco
373 2491 533 2584 videtur,
559 2520 637 2568 non
660 2497 832 2572 omnium
853 2491 1078 2574 Senatorum
1102 2499 1226 2591 fuisse,
1252 2514 1295 2573 ut
1319 2498 1560 2572 comitiorum
1584 2511 1753 2572 auctores
1769 2495 1911 2584 fierent,
1937 2496 2007 2571 sed

114 2651 117 2657 ·
178 2637 310 2688 eorum
332 2627 491 2702 tantum,
517 2615 583 2714 qui
608 2629 715 2689 erant
739 2605 785 2690 ex
809 2618 944 2692 ordine
968 2621 1136 2721 patricio.
1190 2617 1306 2717 Quod
1331 2621 1463 2694 Livius
1488 2619 1684 2693 confirmat
1707 2619 1772 2708 VI,
1799 2617 1858 2709 da.
1885 2617 2000 2718 „quia

177 2732 323 2832 patricii
346 2758 385 2808 se
410 2745 583 2808 auctores
606 2733 755 2810 futuros
779 2737 1001 2838 negabant.“
1025 2754 1062 2814 et
1086 2740 1282 2814 Sallustius
1307 2739 1399 2812 Hist.
1423 2738 1489 2828 IlI,
1514 2764 1569 2812 or.
1595 2739 1749 2812 Licinii:
1786 2735 1929 2827 „libera
1954 2734 2003 2808 ab

179 2853 395 2928 auctoribus
418 2855 581 2956 patriciis
606 2855 779 2958 suffragia
801 2836 961 2934 maiores
985 2862 1097 2959 vestri
1125 2854 1342 2961 paraverel‘
1373 2856 1478 2931 Idem
1497 2883 1544 2930 ex
1569 2880 1612 2930 eo
1638 2855 1794 2955 intelligi
1819 2853 2005 2955 quodam·

179 2971 292 3048 modo
316 2985 446 3072 potest,
472 2972 577 3074 quod
602 2997 789 3073 nusquam
799 3001 869 3076 pro
890 2979 1067 3079 patribus
1082 2981 1122 3062 in
1138 2977 1207 3052 bac
1220 2977 1383 3055 formula
1397 2973 1594 3078 p'onuntur
1606 2972 1822 3051 Senatores.
1848 2975 2002 3050 Etenim

180 3095 210 3170 si
222 3095 348 3168 Patres
369 3121 447 3168 non
472 3095 668 3170 differrent
690 3122 713 3172 a
735 3097 1002 3192 senatoribus,¹
1015 3077 1111 3202 quid
1136 3127 1267 3176 causae
1295 3113 1407 3188 esset,
1428 3123 1498 3174 cur
1522 3099 1662 3173 Patres
1687 3121 1834 3199 semper
1868 3097 1908 3169 in
1932 3094 2001 3171 bac

182 3215 410 3316 loquutione,
436 3217 642 3292 Senatores
665 3243 886 3320 numquam,
912 3219 1211 3322 appellarentur?
1268 3219 1385 3316 Quod
1409 3217 1459 3293 ad
1490 3217 1651 3290 alterum
1681 3217 1827 3290 crimen
1862 3215 2006 3302 attinet,

185 3337 320 3413 Orator
340 3335 412 3414 boc
437 3350 586 3414 tantum
608 3339 899 3424 voluitdicere:
933 3343 964 3416 si
989 3343 1085 3416 nulli
1106 3343 1254 3444 patricii
1280 3351 1525 3442 superessent,
1559 3350 1729 3411 auctores
1767 3335 2006 3408 comitiorum

184 3483 256 3534 non
282 3458 501 3536 habiturum
522 3487 600 3538 esse
623 3461 811 3564 populum
833 3463 1056 3556 Romanum.
1106 3463 1151 3537 In
1189 3489 1265 3564 quo
1304 3463 1504 3536 Planciana
1535 3484 1613 3532 non
1657 3456 1878 3531 adversatur
1915 3453 2030 3572 huic·
2160 3454 2168 3470 ’

184 3582 354 3672 orationi,
388 3584 559 3686 quamvis
592 3585 717 3660 tradat
736 3587 788 3681 (ὃ.
822 3587 888 3684 8.),
920 3588 1047 3659 Patres
1086 3582 1188 3685 apud
1213 3583 1371 3654 maiores
1393 3593 1522 3652 tenere
1547 3601 1624 3650 non
1655 3575 1835 3676 potuisse,
1869 3584 1912 3644 ut
1947 3599 2004 3646 τε,

184 3701 423 3804 prebensoree
454 3717 575 3778 essent
611 3709 862 3782 comitiorum.
913 3706 1009 3781 Nam
1038 3718 1131 3779 teste
1156 3703 1264 3777 Livio
1289 3698 1388 3788 VIII,
1424 3723 1480 3771 12.
1505 3723 1526 3768 a
1550 3698 1741 3769 Dictatore
1766 3691 1928 3767 Publilio
1944 3691 2006 3766 lex
2135 3747 2144 3766 ,

185 3824 331 3914 luteast,
357 3837 401 3896 ut
411 3823 547 3925 legum,
574 3850 670 3926 quae
689 3830 849 3902 comitiis
872 3829 1089 3903 centuriatis
1120 3825 1314 3900 ferrentur
1338 3833 1424 3892 ante
1449 3817 1586 3890 initum
1616 3815 1833 3915 suffragium
1865 3815 2007 3888 Patres

185 3956 357 4020 auctores
381 3941 525 4027 fierent.
564 3945 758 4021 Consentit
780 3951 886 4022 brut.
912 3974 945 4025 c.
978 3951 1032 4042 ¹l·
1074 3948 1153 4036 ,,Μ.
1181 3942 1352 4029 Curium,
1387 3936 1548 4041 quodie
1575 3935 1769 4009 Tribunus
1808 3933 1927 4036 plebis
1957 3975 2008 3996 -

187 4063 321 4138 Patres
338 4076 429 4140 aute
452 4079 629 4140 auctores
642 4064 723 4164 fieri
739 4071 913 4169 coegerit,
940 4067 1045 4170 quod
1058 4067 1131 4142 suit
1142 4092 1210 4169 per
1221 4087 1408 4162 magnum,
1434 4056 1607 4132 nondum
1629 4057 1707 4158 lege
1723 4057 1872 4130 Maenia
1895 4055 2005 4128 lata.“

188 4179 307 4280 Quidl
341 4186 372 4259 si
396 4187 522 4260 Patres
546 4187 791 4288 cogebantur,
829 4201 873 4262 ut
904 4204 990 4263 ante
1016 4191 1157 4264 initum
1177 4183 1399 4283 suffragium
1430 4191 1612 4254 auctores·
1626 4161 1769 4265 berent,
1791 4202 1839 4248 an
1859 4173 2005 4248 desine·

186 4305 271 4378 bant
294 4307 447 4381 omnino
471 4321 644 4382 auctores
665 4307 771 4383 fieri?
797 4308 1057 4405 Quamobrem
1084 4305 1292 4383 admodum
1316 4305 1435 4407 perite
1469 4302 1623 4377 videtur
1659 4300 1829 4399 Scriptor
1859 4295 2002 4388 fecisse,

189 4439 226 4502 ut
250 4425 354 4501 illam
378 4428 636 4502 auctoritatem
667 4429 767 4503 inter
798 4431 882 4504 iura
911 4431 1158 4530 patriciorum
1189 4426 1343 4530 propria
1373 4433 1694 4499 commemoraret

282 4549 323 4627 C.
348 4551 402 4627 15.
427 4549 604 4644 „Infirma
619 4563 708 4624 sunt
721 4552 844 4652 igitur,
869 4566 935 4627 tua
952 4551 1144 4640 sententia,
1167 4563 1248 4624 acta
1264 4548 1306 4623 C.
1321 4546 1496 4636 Caesaris,
1511 4546 1583 4618 riri
1597 4540 1808 4616 fortissimil
1830 4540 2008 4617 Minime:

189 4695 307 4774 neque
331 4669 432 4744 enim
456 4695 539 4744 mea
563 4669 638 4744 iam
662 4658 867 4771 quicquam
893 4672 1046 4744 interest
1070 4666 1232 4766 exeeptis
1255 4662 1311 4738 his
1335 4661 1431 4752 telis,
1470 4686 1567 4760 quae
1592 4684 1639 4736 ex
1663 4658 1763 4735 illius
1796 4659 2008 4734 actionibus

190 4797 225 4870 in
238 4819 368 4872 meum
387 4817 524 4892 corpus
549 4791 712 4866 immissa
726 4773 876 4890 suutf‘J
892 4787 1093 4866 Mirificam
1108 4813 1185 4862 esse
1201 4783 1363 4864 Wolfius
1386 4783 1571 4863 existimat
1587 4781 1780 4858 Ciceronis
1801 4779 2007 4884 responsio-

190 4915 333 4992 named
349 4912 472 4988 Clodii
488 4911 746 4984 abiectionem.
772 4913 957 5001 „Primo“,
973 4909 1107 5009 inquit,
1132 4934 1240 5000 „rem
1251 4906 1472 5008 simpliciter
1487 4919 1605 5005 negat,
1630 4904 1735 4979 nulla
1749 4927 1860 4976 causa
1884 4898 2005 4983 allata,

191 5034 272 5110 dein
287 5032 390 5120 dicit,
406 5027 499 5104 nihil
517 5030 692 5102 interesse
706 5055 791 5120 sua,
815 5057 920 5106 nunc
935 5033 974 5105 in
987 5031 1146 5130 patriam
1161 5023 1320 5114 reducti,
1333 5037 1461 5098 ratane
1478 5037 1515 5098 et
1529 5021 1636 5098 firma
1650 5025 1724 5100 sint
1736 5021 1901 5096 Caesaris
1916 5031 2007 5108 acta,

190 5181 314 5252 necna;
337 5170 537 5259 postquam
562 5155 639 5254 ipse
665 5155 853 5256 exceperit
876 5154 950 5228 tela
974 5179 1021 5228 ex
1054 5153 1145 5228 actis
1174 5147 1339 5223 Caesaris
1365 5150 1405 5223 in
1429 5172 1467 5222 se
1493 5148 1694 5221 immissa.“
1733 5139 1868 5215 Addit:
1892 5136 2011 5230 „baec

1066 5391 1068 5394 -
1169 5365 1188 5405 ᾖ
