4724 6010
361 333 520 411 XXXII

360 529 542 602 sententia
574 551 688 627 quam
724 523 887 600 absurde
926 543 1097 622 expressa
1121 519 1185 610 sit,
1226 513 1507 620 quodammodo
1532 541 1578 590 en
1604 517 1682 618 ipsa
1705 517 1862 620 vulgata'
1881 519 2188 620 interpretatione

363 653 436 728 loci
461 663 650 754 apparet.“
674 654 811 726 Sensus
834 651 1043 727 verborum
1069 660 1145 722 est:
1182 659 1383 748 postquam
1421 644 1512 720 haee
1537 645 1634 719 mala
1658 669 1854 747 perpessus
1878 669 1980 734 sum,
2024 669 2120 746 quae
2148 669 2195 718 ex

362 774 526 850 Caesaris
552 771 759 845 actionibus
785 773 824 844 in
847 795 908 844 me
933 766 1217 854 redundarunt,
1249 791 1332 838 mea
1363 789 1439 838 non
1473 766 1627 840 interest
1652 778 1721 838 etc.
1776 762 1919 861 Quaeri
1955 767 2028 840 iam
2053 781 2193 868 potest,
2311 836 2314 845 .

364 919 550 994 quaenam
574 889 666 966 baec
690 893 787 964 mala
812 891 896 978 sint,
922 901 960 962 et
986 886 1177 989 quomodo
1193 912 1240 959 en
1253 885 1417 960 Caesaris
1433 887 1642 961 actionibus
1667 887 1706 960 in
1719 886 1920 960 Oratorem
1932 886 2192 962 redundarint.

363 1014 419 1087 Ac
444 1023 577 1084 notum
602 1023 666 1099 est,
692 1037 714 1082 a
751 1008 906 1082 Caesare
938 1007 1061 1106 legem
1092 1031 1169 1080 esse
1195 1006 1323 1096 latam,
1363 1021 1406 1080 ut
1431 1006 1608 1081 Clodium
1631 1035 1652 1080 a
1677 1007 1828 1082 Plebeio
1854 1009 2024 1109 adoptari
2048 1008 2195 1103 liceret3

277 1219 280 1224 λ
361 1143 565 1208 notumest
579 1131 700 1216 etiam,
727 1125 906 1218 aClodio,
934 1126 1107 1202 Tribuno
1120 1125 1250 1227 plebis,
1277 1125 1500 1201 Ciceronem
1513 1129 1552 1200 in
1564 1129 1736 1202 exsilium
1753 1130 1915 1204 eiectum
1938 1156 2033 1222 esse;
2059 1143 2194 1205 notum

362 1265 417 1326 est
452 1249 501 1324 ad
542 1263 763 1338 extremum,
788 1246 966 1323 Clodium
997 1274 1076 1322 non
1105 1247 1270 1348 potuisse
1301 1245 1519 1321 Tribunum
1543 1247 1664 1346 plebis
1688 1246 1782 1336 fieri,
1808 1251 1878 1323 nisi
1904 1249 2073 1351 plebeius
2098 1263 2193 1324 esset

363 1367 563 1470 adoptione
588 1365 718 1440 sactus.
752 1371 880 1466 ltaque
905 1393 975 1467 per
998 1366 1162 1442 Caesaris
1188 1367 1350 1440 actiones
1377 1365 1657 1466 quodammodo
1681 1368 1824 1444 factum
1848 1381 1912 1460 est,
1939 1383 1983 1444 ut
1997 1370 2130 1445 Cicero
2152 1370 2192 1442 in

363 1489 538 1565 exsilium
563 1489 619 1560 ire
645 1498 858 1588 cogeretur,
885 1498 923 1559 et
947 1483 1037 1560 haec
1062 1484 1170 1575 mala,
1199 1510 1295 1585 quae
1321 1486 1463 1560 seilicet
1487 1511 1577 1560 cum
1601 1489 1680 1562 eius
1706 1487 1870 1562 discessu
1885 1489 2086 1564 coniuncta
2112 1486 2193 1562 lue·

360 1623 463 1698 runt,
493 1608 566 1682 tela
592 1609 631 1682 in
657 1631 769 1682 suum
794 1629 930 1707 corpus
957 1606 1119 1680 immissa
1143 1605 1317 1707 appellat
1367 1606 1430 1681 Ad
1453 1631 1586 1682 vocem
1609 1611 1761 1682 minime
1791 1633 1838 1682 ex
1862 1609 1986 1684 verbis
2011 1624 2079 1682 tua
2104 1634 2190 1683 sea-

361 1733 481 1804 tentia
507 1723 756 1827 repetendum
781 1736 846 1815 est,
871 1721 970 1796 banc
984 1721 1103 1823 serre
1127 1729 1352 1800 sententiam
1375 1751 1406 1800 s.
1430 1725 1630 1826 bacagere
1653 1728 1752 1802 volo.
1778 1727 2078 1828 Insequentibus
2097 1753 2190 1802 vero

359 1863 470 1950 negat
495 1846 645 1942 Orator,
671 1868 821 1924 causam
845 1866 933 1933 esse,
959 1867 1031 1922 cur
1054 1844 1104 1924 ita
1128 1842 1198 1926 sibi
1224 1843 1411 1953 agendum
1434 1857 1553 1952 putet,
1578 1856 1622 1920 ut
1646 1857 1727 1922 acta
1752 1847 1915 1922 Caesaris
1937 1845 2086 1922 infirma
2109 1871 2189 1924 esse

360 1967 506 2046 doceat.

459 2092 501 2167 C.
527 2092 587 2186 45.
623 2093 831 2184 „Pontifex,
858 2092 993 2193 inquit,
1019 2091 1135 2169 affuit
1160 2095 1246 2171 Non
1270 2109 1307 2171 te
1332 2096 1463 2199 pudet,
1489 2117 1609 2198 quum
1633 2093 1735 2196 apud
1754 2091 1952 2168 Pontifices
1968 2116 2027 2165 res
2044 2103 2185 2192 agatur,

358 2210 579 2289 Pontificem
605 2213 745 2303 dicere,
770 2239 848 2288 non
873 2211 1073 2314 collegium
1096 2215 1333 2307 Pontificum,
1359 2217 1529 2296 affuisse?
1562 2217 1799 2320 praesertim,
1841 2237 1962 2317 quum
1994 2211 2190 2290 Tribunus

356 2332 478 2434 plebis
502 2332 562 2407 vel
588 2332 809 2407 denuntiare
833 2333 1011 2434 potueris,
1033 2335 1095 2412 vel
1118 2338 1232 2412 etiam
1257 2339 1451 2441 cogerel“

461 2451 579 2524 Hunc
598 2451 726 2526 locum
750 2453 908 2528 Beclius
939 2455 1016 2555 ipse
1041 2453 1212 2530 defendit
1240 2458 1281 2530 in
1314 2457 1582 2532 commentario
1621 2454 1670 2532 ad
1708 2453 1915 2529 orationem
1953 2475 2025 2552 pro
2061 2447 2187 2526 domo.
2223 2539 2233 2552 ι

362 2567 508 2660 „Etsi,“
540 2569 675 2671 inquit,
709 2569 980 2660 „Marklandus
1012 2570 1059 2646 de
1083 2573 1175 2646 iuris
1200 2570 1470 2646 consuetudine
1496 2586 1665 2672 tempore
1691 2568 1882 2644 Ciceronis
1908 2565 2089 2666 loquitur,
2113 2563 2190 2640 sul-

360 2687 473 2766 ficere
498 2704 623 2764 tamen
645 2689 797 2764 videtur
821 2691 978 2765 Gesneri
1004 2691 1182 2782 defensio,
1195 2716 1316 2794 quum
1330 2692 1476 2768 Auctor
1498 2718 1586 2782 non,
1595 2689 1690 2793 quid
1715 2691 1869 2765 omnino
1893 2685 2039 2762 licitum
2062 2683 2188 2776 fuerit,

360 2811 428 2886 sed
453 2809 549 2912 quid
574 2808 732 2885 Clodius
756 2806 951 2884 Tribunus
975 2810 1095 2911 plebis
1118 2809 1241 2888 facere
1264 2815 1440 2914 potuerit,
1467 2813 1593 2891 dicere
1618 2812 1748 2888 velit.“
2206 2803 2212 2818 '

457 2929 499 3002 C.
525 2928 584 3017 46.
608 2930 783 3016 „Postem
808 2930 927 3004 teneri
953 2930 994 3004 in
1019 2929 1255 3008 dedicatione
1279 2947 1453 3033 oportere
1476 2932 1611 3018 videor
1635 2929 1782 3006 audisse
1806 2928 1976 3030 templi.“

451 3047 785 3147 Marklandus,qui
809 3074 888 3123 non
913 3050 1155 3152 reprehendit
1164 3052 1397 3144 Ciceronem,
1408 3055 1514 3156 quod
1539 3057 1580 3131 in
1604 3051 1861 3165 superioribus
1877 3075 1984 3125 suam
2007 3048 2188 3152 pontificii

358 3169 450 3246 iuris
465 3167 657 3241 scientiam
671 3163 888 3258 dissimulat,
898 3167 937 3237 in
962 3190 1007 3238 eo
1032 3177 1166 3256 tamen,
1176 3169 1282 3268 quod
1307 3167 1343 3243 b.
1357 3170 1382 3243 l.
1406 3194 1444 3244 se
1457 3169 1604 3244 audisse
1622 3169 1725 3258 dicit,
1739 3171 1779 3244 in
1792 3168 2029 3244 dedicatione
2042 3181 2188 3270 postem

358 3291 478 3365 teneri
490 3300 673 3389 oportere,
681 3286 923 3360 vehementer
930 3285 1097 3362 offendit.
1106 3289 1200 3365 Nam
1207 3289 1452 3365 dedicationis
1466 3288 1696 3390 templorum
1707 3287 2019 3390 publicamluisse
2032 3289 2188 3364 cerimo-

358 3410 470 3496 niam,
497 3430 626 3479 coram
649 3401 790 3504 populo
814 3399 895 3476 fieri
921 3401 1079 3494 solitam,
1100 3417 1192 3478 teste
1216 3406 1429 3498 Plutarcho,
1455 3409 1495 3484 in
1517 3408 1585 3489 rit.
1608 3406 1748 3507 Poplic.
1773 3433 1810 3506 p.
1841 3405 1918 3499 rod.
1945 3402 2061 3501 Quasi
2087 3404 2190 3482 idem

358 3547 453 3608 esset
477 3533 600 3604 teneri
621 3542 661 3600 et
685 3529 808 3601 teneri
831 3540 1015 3626 oportere.
1040 3526 1173 3602 Fuerit
1197 3530 1298 3604 enim
1321 3529 1463 3604 nemini
1487 3553 1608 3632 puero
1633 3530 1673 3602 in
1696 3525 1799 3602 Urbe
1825 3526 2039 3616 obscurum,
2066 3533 2191 3602 teneri

359 3667 505 3758 postem
530 3652 569 3724 in
595 3646 847 3722 dedicatione:
871 3672 920 3718 an
952 3647 1063 3722 etiam
1100 3646 1142 3721 id
1178 3646 1260 3726 fieri
1298 3665 1487 3752 oportere,
1530 3647 1577 3724 ab
1616 3673 1746 3724 earum
1780 3673 1912 3722 rerum
1948 3645 2076 3748 peritis
2111 3670 2189 3720 non

359 3772 524 3862 edoctus,
551 3769 646 3843 scire
671 3763 835 3866 poterat?
859 3767 960 3864 Ergo
985 3765 1095 3842 valde
1121 3766 1269 3862 decens,
1295 3785 1339 3846 ut
1364 3776 1550 3846 Gesnerus
1574 3769 1638 3860 ait,
1664 3767 1726 3848 bic
1752 3767 1859 3844 locus
1891 3779 1957 3858 est,
1983 3778 2021 3840 et
2051 3763 2186 3867 dignus

359 3892 425 3972 illa
449 3888 566 3966 Tullii
591 3885 806 3990 prudentia,
831 3911 907 3986 qua
930 3886 1124 3961 interiores
1147 3888 1289 3964 litteras
1314 3889 1504 3964 occulmre
1527 3886 1632 3962 solet.

458 4010 501 4086 C.
525 4035 561 4107 9.
586 4005 708 4103 „Quis
728 4005 869 4082 bomini
884 4017 968 4106 post
981 4006 1149 4080 homines
1161 4021 1269 4082 natos
1283 4008 1508 4107 turpissimo,
1518 4007 1810 4099 sceleratissimo,
1825 4007 2188 4099 contaminatissimo,

361 4136 446 4238 quis
470 4133 572 4209 illam
599 4132 762 4231 opimam
785 4128 1024 4230 fertilemque
1049 4130 1206 4229 Syriam,
1232 4130 1319 4231 quis
1341 4129 1496 4220 bellum,
1522 4132 1764 4231 pacatissimis
1785 4132 1968 4232 gentibus,
2003 4133 2088 4232 quis
2124 4157 2188 4230 pe·

358 4259 510 4333 cuniam
533 4253 582 4328 ad
607 4248 784 4326 emendos
806 4276 912 4349 agros
936 4251 1187 4341 constitutam,
1213 4255 1393 4354 [ereptam
1415 4251 1453 4328 ri
1479 4277 1526 4328 en
1551 4252 1715 4330 Caesaris
1739 4251 1854 4330 rebus
1878 4251 1995 4346 actia]
2008 4252 2092 4352 quis
2119 4252 2186 4326 im·

361 4380 512 4479 perium
538 4373 729 4449 infinitum
752 4369 903 4445 dedit·l“

454 4507 772 4607 Interpunctionis
797 4517 887 4582 nota
909 4517 994 4606 post
1015 4505 1158 4582 bellum
1182 4507 1300 4607 posita
1323 4531 1507 4584 summam
1532 4507 1644 4584 huius
1674 4507 1747 4582 loci
1773 4501 2034 4582 difficultatem
2059 4519 2183 4582 sustu·

358 4633 481 4718 limus,
509 4655 625 4729 quam
650 4627 764 4702 dativi
787 4633 1042 4728 pacatissimis
1066 4631 1245 4728 gentibus
1269 4630 1305 4704 b.
1332 4631 1356 4705 l.
1382 4631 1599 4712 afferebant.
1623 4631 1718 4705 Nam
1733 4641 1836 4702 recte
1857 4654 1896 4704 se
1921 4627 2062 4704 babent:
2083 4627 2183 4702 abla-

359 4755 425 4829 tivi
451 4749 719 4852 significantes:
746 4775 865 4851 quum
888 4767 1022 4849 gentes
1046 4756 1314 4853 pacatissimae
1342 4770 1476 4828 essent.
1504 4751 1685 4828 Similiter
1722 4751 1799 4827 Cic.
1832 4753 1880 4828 de
1917 4753 1984 4828 Or.
2018 4749 2083 4839 111,
2121 4750 2181 4824 31.

355 4876 513 4970 „Nostra
539 4884 594 4946 est
610 4872 732 4945 omnis
758 4873 826 4944 ista
851 4872 1072 4972 prudentiae
1097 4873 1364 4975 doctrinaeque
1389 4876 1580 4976 possessio,
1604 4873 1644 4947 in
1669 4899 1784 4974 quam
1807 4872 1974 4950 homines
1990 4915 2044 4960 -‚
2064 4869 2183 4946 abun·

356 4999 485 5074 dantes
519 4996 606 5083 otio,
640 4991 748 5066 nobis
783 4995 982 5090 occupatis,
1015 4994 1312 5068 involaverunt.“
1359 4993 1484 5070 Verba
1523 5007 1687 5093 ereptam
1718 5000 1753 5070 vi
1784 5021 1839 5070 ex
1865 4994 2042 5071 Caesaris
2066 4992 2181 5063 rebus

353 5123 450 5192 actis
475 5141 551 5190 non
576 5113 699 5188 solum
722 5111 946 5216 perturbant
970 5115 1171 5190 sententiae
1203 5115 1503 5207 concinnitatem,
1538 5113 1606 5190 sed
1637 5115 1818 5206 incertam
1849 5114 1961 5188 etiam
1997 5107 2180 5212 significa·
