4724 6010
1872 375 2008 452 XXIII

183 569 386 652 Consulem
410 591 499 656 esse,
525 563 621 640 sicut
647 587 727 638 eras
753 587 797 636 eo
822 575 1001 663 tempore,
1027 587 1074 636 an
1109 561 1258 656 Romae,
1297 563 1338 638 in
1369 589 1444 666 qua
1479 566 1626 642 civitate
1668 591 1799 643 omnes
1829 580 1913 645 ante
1943 591 2008 642 vos

186 691 368 770 Consules
392 686 545 762 Senatui
569 683 830 784 parueruntl“

283 812 517 887 Consulatus
545 807 752 905 Copuonns
776 826 803 875 s.
834 801 1064 900 Campanus,
1090 801 1215 880 iudice
1247 803 1482 893 Marklaudo,
1508 830 1584 878 non
1610 807 1735 878 minus
1761 803 1923 879 absurda
1949 830 2008 882 res

183 947 248 1028 est,
274 957 389 1034 quom
416 924 607 1002 Ciceronis
633 933 750 994 aetate
776 947 938 1019 regnum
961 923 1183 994 Romanum.
1210 920 1340 1022 Itaque
1366 919 1437 996 boc
1463 927 1652 1024 egregium
1677 927 1821 998 censori
1858 925 2010 998 ridetur

183 1057 372 1158 specimen
398 1047 561 1123 inscitiae
585 1044 826 1145 publicarum
846 1067 975 1115 rerum
1000 1055 1036 1115 et
1059 1043 1285 1142 scriptorum
1309 1040 1499 1115 Ciceronis
1526 1058 1562 1116 et
1584 1041 1820 1132 conditionis,
1844 1070 1919 1144 qua
1944 1067 2011 1115 usa

184 1178 232 1252 sit
257 1173 320 1248 illa
344 1168 436 1244 urbs
461 1166 549 1240 inde
574 1193 596 1238 a
619 1178 787 1262 tempore
812 1162 1040 1236 Hannibalis.
1065 1161 1121 1234 Ac
1146 1163 1175 1234 si
1202 1174 1395 1249 constaret,
1420 1187 1488 1261 per
1513 1165 1761 1261 ignorantiam
1785 1167 2010 1262 aScriptore

186 1291 390 1370 Consulem
415 1286 489 1360 dici
514 1309 584 1386 pro
610 1285 833 1373 Duumrir0,
861 1307 1011 1356 causam
1036 1305 1113 1354 esse
1140 1279 1428 1381 relinquendam
1452 1295 1634 1381 putarem.
1668 1285 1718 1356 At
1745 1286 1820 1357 Cic.
1858 1283 1906 1356 ad
1932 1284 2008 1362 Aa.

184 1411 326 1499 scribit,
352 1409 454 1509 epist.
482 1406 530 1493 ll,
556 1406 591 1476 6.
618 1404 750 1499 „Quin
775 1404 886 1476 etium
905 1401 1088 1489 dubitem,
1113 1427 1161 1475 an
1186 1398 1258 1489 bic,
1284 1427 1332 1474 an
1355 1401 1458 1473 Antii
1487 1401 1689 1492 considam,
1706 1417 1742 1476 et
1767 1405 1837 1478 hoc
1862 1419 2010 1502 tempus

185 1558 297 1610 omne
322 1549 562 1616 consumam3
590 1525 655 1597 ubi
688 1522 844 1622 quidem
872 1547 940 1621 ego
973 1519 1125 1594 mallem
1154 1521 1420 1609 Duumrirum,
1452 1545 1567 1620 quam
1592 1525 1730 1596 Romae
1761 1551 1821 1596 me
1860 1523 2016 1596 fuisse.“

184 1657 229 1728 In
255 1651 394 1753 quibus
419 1645 609 1720 Duumvir
632 1669 701 1742 pro
728 1642 889 1716 Consule
914 1641 1065 1727 dicitur,
1090 1653 1134 1710 ut
1156 1651 1283 1712 nostro
1309 1638 1392 1713 loco
1418 1641 1559 1714 Consul
1583 1667 1653 1741 pro
1681 1645 1905 1731 Duumriro,
1924 1666 2011 1740 pro-

184 1785 268 1872 pter
293 1760 576 1842 similitudinem
600 1785 730 1834 earum
756 1760 988 1860 dignitatum.
1013 1758 1180 1848 Accedit,
1191 1758 1295 1860 quod
1317 1762 1393 1860 ipse
1410 1761 1493 1834 Piso
1511 1743 1722 1860 Campanus
1739 1760 1877 1834 Consul
1902 1786 2011 1836 roca-

185 1907 250 1964 tur
278 1890 317 1960 in
342 1885 465 1963 Pison.
491 1903 523 1952 c.
555 1905 608 1951 ιι.
635 1876 821 1974 „Seplasia
843 1873 1068 1968 mehercule,
1094 1893 1137 1953 ut
1162 1878 1237 1952 dici
1264 1878 1473 1968 audiebam,
1499 1893 1536 1953 te
1563 1893 1605 1952 ut
1628 1882 1795 1981 primum
1830 1881 2008 1982 adspexit,

187 2010 422 2106 Campanum
457 1998 659 2076 Consulem
698 1996 945 2096 repudiarit.“
993 1999 1085 2072 Erat
1128 2014 1254 2074 autem
1288 2001 1372 2074 Piso
1410 2001 1544 2076 eodem
1580 2015 1747 2101 tempore
1785 2015 1821 2074 et
1859 2001 2007 2101 Capuae

186 2125 375 2204 Duumvir
400 2137 437 2196 et
461 2124 599 2195 Romae
625 2119 776 2194 Consul.

285 2250 326 2322 C.
360 2272 411 2320 12.
438 2243 596 2334 „Nostra
620 2243 801 2316 memoria
825 2242 1019 2314 Senatores
1043 2266 1090 2314 ne
1117 2241 1155 2312 in
1181 2245 1255 2316 suis
1290 2244 1445 2344 quidem
1476 2245 1654 2346 periculis
1684 2257 1829 2319 mutare
1868 2257 2010 2320 restem

188 2366 372 2442 solebant:
399 2365 438 2434 in
462 2385 546 2433 meo
571 2357 740 2458 periculo
767 2359 920 2429 Senatus
942 2369 1042 2430 veste
1068 2373 1208 2433 mutata
1229 2361 1339 2434 fuit.“

286 2486 356 2558 Hic
381 2480 485 2554 nulla
514 2479 696 2552 dubitatio
730 2491 856 2552 exorta
889 2489 991 2564 esset,
1024 2479 1053 2550 si
1086 2479 1255 2578 Scriptor
1288 2483 1413 2582 priore
1452 2483 1535 2558 loco
1572 2484 1724 2558 dixisset
1760 2489 1927 2574 Senatus,
1969 2500 2007 2560 et

188 2603 392 2710 posteriore
416 2598 621 2686 Senatores,
648 2611 713 2669 aut
738 2598 874 2670 iterum
898 2597 1064 2668 Senatus.
1104 2597 1213 2672 Nunc
1239 2605 1368 2701 quaeri
1393 2616 1523 2703 potest,
1549 2619 1677 2678 utrum
1702 2607 1937 2708 singulorum
1962 2637 2011 2680 an

191 2737 417 2800 cunctorum
441 2720 674 2806 Senatorum,
701 2730 831 2789 utrum
862 2715 1004 2789 ordinis
1037 2744 1085 2789 an
1118 2717 1315 2796 hominum
1346 2724 1514 2822 pericula
1544 2727 1721 2826 cogitarit.
1764 2729 1800 2799 Si
1841 2729 2009 2827 pericula

189 2843 420 2946 singulorum
457 2839 680 2910 Senatorum
728 2837 970 2936 intelligenda
1012 2850 1141 2924 esseut,
1191 2853 1274 2914 tum
1317 2846 1517 2934 nescirem,
1570 2848 1760 2947 quomodo
1799 2847 1890 2922 haec
1928 2875 2009 2922 sen·

190 2965 305 3039 tentia
341 2955 493 3033 defendi
541 2971 688 3057 posset3
738 2961 795 3031 sin
819 2971 944 3030 autem
969 2956 1186 3058 significavit
1217 2961 1385 3061 Scriptor
1418 2979 1641 3041 cunctorum
1681 2971 1904 3042 Senatorum
1941 2995 2007 3042 seu

190 3083 307 3183 ipsius
354 3075 495 3149 ordinis
537 3075 717 3148 Senatorii
757 3075 947 3175 pericula,
994 3088 1076 3148 tum
1116 3074 1210 3148 nihil
1252 3093 1316 3167 est,
1350 3081 1454 3180 quod
1493 3085 1754 3184 reprehendas.
1807 3087 1869 3162 Ad
1904 3088 2007 3161 illam

189 3197 533 3300 interpretationem
564 3192 787 3266 criminandi
833 3191 1000 3264 studium
1037 3189 1216 3291 perduxit
1255 3214 1508 3290 accusatores,
1551 3203 1599 3276 ad
1642 3206 1737 3280 hanc
1780 3231 1870 3279 rero
1923 3204 2007 3279 dili-

190 3325 311 3427 gentia
332 3313 541 3414 scriptoris,
568 3313 634 3411 qui
671 3307 837 3384 secundo
868 3307 950 3381 loco
981 3307 1076 3382 dixit
1107 3313 1273 3404 Senatus,
1301 3331 1343 3388 ut
1375 3318 1547 3394 ordinem
1581 3321 1773 3411 indicaret,
1814 3336 1859 3411 et,
1902 3324 2008 3422 quod

191 3445 395 3520 maximum
420 3447 484 3523 est,
517 3435 595 3532 ipsa
626 3457 756 3504 rerum
784 3431 918 3502 veritas
950 3455 1077 3505 omnes
1108 3434 1301 3532 perducet,
1335 3437 1401 3535 qui
1434 3439 1512 3512 sine
1542 3440 1774 3539 praeiudicio
1809 3439 2008 3516 consilium

190 3567 284 3640 inire
309 3557 506 3634 volueriut.

290 3683 331 3756 C.
365 3679 417 3771 14.
442 3677 620 3770 „Mecum
645 3673 752 3774 leges,
778 3697 929 3746 mecum
954 3674 1197 3773 quaestiones,
1223 3699 1375 3750 mecum
1410 3677 1493 3750 iura
1523 3680 1815 3780 magistratuum,
1857 3710 2007 3760 mecum

192 3808 348 3879 Senatus
359 3795 568 3884 auctoritas,
582 3818 733 3904 mecum
741 3792 899 3866 deorum
911 3806 947 3864 et
955 3792 1150 3866 hominum
1163 3796 1369 3868 sanctitates
1384 3821 1513 3872 omnes
1527 3812 1564 3886 et
1580 3800 1777 3899 religiones
1795 3802 2009 3880 aluerunt!

286 3923 349 4014 „0
376 3943 502 3994 casum
526 3917 753 4006 infelicem,“
786 3917 838 3988 sic
863 3913 998 3987 clamat
1022 3913 1278 4004 Marklandus,
1302 3943 1404 4018 „quo
1430 3922 1596 4018 contigit,
1636 3935 1680 3994 ut
1712 3924 1790 4023 ipso
1825 3926 2006 4005 Cicerone

189 4059 280 4122 teste
307 4040 552 4143 cognorimus,
577 4038 691 4111 Nonis
715 4037 828 4136 Sept,
854 4059 930 4134 quo
958 4033 1019 4107 die
1045 4037 1196 4108 Senatui
1221 4039 1353 4136 gratias
1379 4041 1467 4138 egit,
1496 4053 1532 4113 et
1557 4041 1679 4141 pridie
1705 4046 1783 4117 eius
1810 4045 1902 4135 diei,
1929 4047 2008 4124 sru-

189 4181 358 4244 mentum
384 4187 570 4265 omneque
594 4187 709 4262 genus
734 4183 901 4232 annonae
916 4160 955 4230 in
967 4153 1070 4231 Urbe
1087 4158 1312 4232 artissimum
1329 4171 1365 4230 et
1380 4160 1613 4236 carissimum
1636 4161 1760 4238 fuisse.
1798 4166 1853 4237 lta
1878 4167 2008 4242 scribit

191 4293 269 4392 ipse
295 4287 344 4360 ad
366 4287 440 4360 Ast.
470 4285 534 4374 lv,
565 4309 594 4358 ι.
618 4281 743 4354 relatis
776 4277 888 4352 rebus
920 4277 1072 4350 illorum
1103 4275 1268 4350 dierum:
1303 4283 1358 4354 Eo
1390 4281 1520 4372 hiduo,
1555 4309 1673 4384 quum
1703 4300 1802 4358 esset
1832 4311 2008 4363 annonae

191 4434 336 4484 sumina
351 4410 492 4480 caritas
507 4416 578 4483 eto.
603 4403 681 4476 Iam
697 4401 791 4503 quid
813 4399 1030 4500 responderi
1049 4397 1186 4498 potestl
1213 4399 1288 4470 Dic
1306 4400 1486 4502 aliquem,
1511 4402 1636 4489 sodes,
1661 4402 1738 4489 dic,
1769 4403 2007 4502 Quintiliane

179 4530 406 4608 .colorem.“
443 4521 658 4624 Respondet
683 4523 886 4596 Gesnerus:
913 4521 976 4610 „Si
1001 4516 1048 4590 de
1073 4519 1212 4592 vilitate
1238 4517 1415 4618 loquatur
1446 4546 1514 4620 per
1544 4521 1707 4620 Pompeii
1748 4521 1807 4594 vel
1848 4523 2008 4602 admini-

191 4649 410 4753 strationem
432 4643 491 4716 rel
516 4669 653 4716 nomen
677 4653 887 4743 procurata,
897 4638 1010 4713 ilicet!
1038 4641 1229 4740 exsequias
1247 4665 1372 4713 eamus
1386 4637 1441 4711 bis
1455 4639 1777 4742 orationibuspost
1795 4643 2009 4723 Reditums‘

191 4769 266 4846 Sed
289 4765 478 4842 succurrit
501 4763 717 4864 tempestive
743 4762 847 4835 locus
873 4786 926 4833 or.
954 4784 1024 4860 pro
1048 4758 1211 4849 domo,c.
1241 4769 1287 4846 6.,
1302 4760 1367 4860 qui
1394 4785 1474 4832 rem
1499 4787 1650 4836 omnem
1664 4764 1825 4864 expedit.
1849 4767 2007 4863 „Quum
2102 4819 2112 4834 .

194 4881 240 4964 de
267 4913 350 4958 mea
376 4882 553 4984 dignitate
579 4879 832 4976 (restituenda,
858 4879 985 4980 paullo
1010 4892 1095 4950 ante
1121 4879 1297 4970 reditum,
1324 4879 1428 4979 quod
1453 4883 1565 4956 series
1604 4886 1657 4956 rei
1681 4899 1802 4985 gestae
1828 4885 2006 4988 declarat)

192 5003 392 5104 intemplo
417 5003 515 5076 Iovis
543 5002 588 5074 0.
616 5001 668 5075 M.
696 5000 1017 5102 frequentissimus
1043 5001 1198 5075 Senatus
1229 5043 1277 5061 -
1303 4999 1536 5092 decrevisset,
1568 5003 1709 5093 subito,
1735 5005 1800 5078 illo
1826 5008 1905 5104 ipso
1929 5008 2006 5097 die,

193 5129 418 5202 carissimam
439 5147 626 5197 annonam
651 5122 896 5228 necopinata
918 5121 1039 5196 vilitas
1064 5134 1294 5225 consequuta
1320 5134 1383 5196 est.
1435 5123 1564 5217 Erant,
1592 5124 1658 5225 qui
1673 5124 1761 5198 deos
1770 5125 2006 5219 immortales,
