<?xml version="1.0" encoding="UTF-8"?>
<!DOCTYPE html PUBLIC "-//W3C//DTD XHTML 1.0 Transitional//EN"
    "http://www.w3.org/TR/xhtml1/DTD/xhtml1-transitional.dtd">
<html xmlns="http://www.w3.org/1999/xhtml" xml:lang="en" lang="en">
 <head>
  <title>
</title>
<meta http-equiv="Content-Type" content="text/html;charset=utf-8" />
  <meta name='ocr-system' content='tesseract 3.04.00' />
  <meta name='ocr-capabilities' content='ocr_page ocr_carea ocr_par ocr_line ocrx_word'/>
</head>
<body>
  <div class='ocr_page' id='page_1' title='image "./disputatiodevin00savegoog_0027.png"; bbox 0 0 4724 6010; ppageno 0'>
   <div class='ocr_carea' id='block_1_1' title="bbox 328 340 407 418">
    <p class='ocr_par' dir='ltr' id='par_1_1' title="bbox 328 340 407 418">
     <span class='ocr_line' id='line_1_1' title="bbox 328 340 407 418; baseline -0.025 0"><span class='ocrx_word' id='word_1_1' title='bbox 328 340 407 418; x_wconf 83' lang='lat' dir='ltr'>XX</span> 
     </span>
    </p>
   </div>
   <div class='ocr_carea' id='block_1_2' title="bbox 213 517 2157 4218">
    <p class='ocr_par' dir='ltr' id='par_1_2' title="bbox 213 517 2157 4218">
     <span class='ocr_line' id='line_1_2' title="bbox 329 517 2154 638; baseline 0 -30"><span class='ocrx_word' id='word_1_2' title='bbox 329 531 537 638; x_wconf 89' lang='lat' dir='ltr'>praedicat;</span> <span class='ocrx_word' id='word_1_3' title='bbox 564 523 794 613; x_wconf 83' lang='lat' dir='ltr'>tamenvide,</span> <span class='ocrx_word' id='word_1_4' title='bbox 820 521 986 611; x_wconf 89' lang='lat' dir='ltr'>obsecro,</span> <span class='ocrx_word' id='word_1_5' title='bbox 1013 543 1128 624; x_wconf 90' lang='lat' dir='ltr'>quam</span> <span class='ocrx_word' id='word_1_6' title='bbox 1146 517 1366 596; x_wconf 79' lang='lat' dir='ltr'><strong>incredibile</strong></span> <span class='ocrx_word' id='word_1_7' title='bbox 1390 522 1447 613; x_wconf 91' lang='lat' dir='ltr'>sit,</span> <span class='ocrx_word' id='word_1_8' title='bbox 1460 546 1662 622; x_wconf 86' lang='lat' dir='ltr'>germanas,</span> <span class='ocrx_word' id='word_1_9' title='bbox 1676 523 1832 626; x_wconf 88' lang='lat' dir='ltr'>quasilli</span> <span class='ocrx_word' id='word_1_10' title='bbox 1847 523 2058 622; x_wconf 79' lang='lat' dir='ltr'><strong>habuerint,</strong></span> <span class='ocrx_word' id='word_1_11' title='bbox 2074 555 2154 608; x_wconf 90' lang='lat' dir='ltr'>ora-</span> 
     </span>
     <span class='ocr_line' id='line_1_3' title="bbox 329 638 2152 744; baseline -0.001 -16"><span class='ocrx_word' id='word_1_12' title='bbox 329 657 450 728; x_wconf 90' lang='lat' dir='ltr'>tiones</span> <span class='ocrx_word' id='word_1_13' title='bbox 474 679 495 726; x_wconf 90' lang='lat' dir='ltr'>a</span> <span class='ocrx_word' id='word_1_14' title='bbox 510 649 638 725; x_wconf 87' lang='lat' dir='ltr'>Servio</span> <span class='ocrx_word' id='word_1_15' title='bbox 649 660 686 720; x_wconf 91' lang='lat' dir='ltr'>et</span> <span class='ocrx_word' id='word_1_16' title='bbox 698 647 777 720; x_wconf 89' lang='lat' dir='ltr'>eius</span> <span class='ocrx_word' id='word_1_17' title='bbox 790 643 1009 744; x_wconf 82' lang='lat' dir='ltr'><strong>aequalibus</strong></span> <span class='ocrx_word' id='word_1_18' title='bbox 1021 643 1097 730; x_wconf 79' lang='lat'>26),</span> <span class='ocrx_word' id='word_1_19' title='bbox 1114 641 1179 742; x_wconf 91' lang='lat' dir='ltr'>qui</span> <span class='ocrx_word' id='word_1_20' title='bbox 1192 665 1283 716; x_wconf 92' lang='lat' dir='ltr'>cum</span> <span class='ocrx_word' id='word_1_21' title='bbox 1295 638 1494 716; x_wconf 83' lang='lat' dir='ltr'>Rubriano</span> <span class='ocrx_word' id='word_1_22' title='bbox 1508 655 1545 716; x_wconf 91' lang='lat' dir='ltr'>et</span> <span class='ocrx_word' id='word_1_23' title='bbox 1561 643 1787 720; x_wconf 88' lang='lat' dir='ltr'>Mamertino</span> <span class='ocrx_word' id='word_1_24' title='bbox 1803 648 1843 722; x_wconf 93' lang='lat' dir='ltr'>in</span> <span class='ocrx_word' id='word_1_25' title='bbox 1855 647 1991 725; x_wconf 91' lang='lat' dir='ltr'>eodem</span> <span class='ocrx_word' id='word_1_26' title='bbox 2004 653 2152 727; x_wconf 87' lang='lat' dir='ltr'>saeculo</span> 
     </span>
     <span class='ocr_line' id='line_1_4' title="bbox 330 759 2151 872; baseline -0.001 -22"><span class='ocrx_word' id='word_1_27' title='bbox 330 777 521 862; x_wconf 78' lang='lat' dir='ltr'>vixerunt,</span> <span class='ocrx_word' id='word_1_28' title='bbox 533 796 621 846; x_wconf 88' lang='lat' dir='ltr'>cum</span> <span class='ocrx_word' id='word_1_29' title='bbox 632 768 768 869; x_wconf 90' lang='lat' dir='ltr'>spuriis</span> <span class='ocrx_word' id='word_1_30' title='bbox 782 777 819 839; x_wconf 89' lang='lat' dir='ltr'>et</span> <span class='ocrx_word' id='word_1_31' title='bbox 836 763 1033 838; x_wconf 82' lang='lat' dir='ltr'>subditivis</span> <span class='ocrx_word' id='word_1_32' title='bbox 1046 759 1276 836; x_wconf 88' lang='lat' dir='ltr'>orationibus</span> <span class='ocrx_word' id='word_1_33' title='bbox 1294 760 1418 836; x_wconf 92' lang='lat' dir='ltr'>subito</span> <span class='ocrx_word' id='word_1_34' title='bbox 1431 775 1675 838; x_wconf 85' lang='lat' dir='ltr'>commutatas</span> <span class='ocrx_word' id='word_1_35' title='bbox 1694 791 1790 860; x_wconf 83' lang='lat' dir='ltr'>esse3</span> <span class='ocrx_word' id='word_1_36' title='bbox 1805 775 2151 872; x_wconf 77' lang='lat' dir='ltr'>quumpraesertim</span> 
     </span>
     <span class='ocr_line' id='line_1_5' title="bbox 330 877 2151 992; baseline 0.002 -26"><span class='ocrx_word' id='word_1_37' title='bbox 330 916 454 992; x_wconf 76' lang='lat' dir='ltr'>neqrm</span> <span class='ocrx_word' id='word_1_38' title='bbox 470 890 630 989; x_wconf 81' lang='lat' dir='ltr'>scriptor</span> <span class='ocrx_word' id='word_1_39' title='bbox 642 885 742 958; x_wconf 86' lang='lat' dir='ltr'>nllus</span> <span class='ocrx_word' id='word_1_40' title='bbox 761 892 1028 957; x_wconf 89' lang='lat' dir='ltr'>commemoret</span> <span class='ocrx_word' id='word_1_41' title='bbox 1042 877 1225 952; x_wconf 87' lang='lat' dir='ltr'>eiusmodi</span> <span class='ocrx_word' id='word_1_42' title='bbox 1235 877 1541 968; x_wconf 88' lang='lat' dir='ltr'>declamationes,</span> <span class='ocrx_word' id='word_1_43' title='bbox 1562 905 1660 982; x_wconf 89' lang='lat' dir='ltr'>quae</span> <span class='ocrx_word' id='word_1_44' title='bbox 1678 885 1718 957; x_wconf 89' lang='lat' dir='ltr'>iu</span> <span class='ocrx_word' id='word_1_45' title='bbox 1737 885 1864 963; x_wconf 87' lang='lat' dir='ltr'>locum</span> <span class='ocrx_word' id='word_1_46' title='bbox 1887 891 2151 970; x_wconf 90' lang='lat' dir='ltr'>Tullianarum</span> 
     </span>
     <span class='ocr_line' id='line_1_6' title="bbox 329 997 2152 1116; baseline 0.002 -30"><span class='ocrx_word' id='word_1_47' title='bbox 329 1013 540 1086; x_wconf 89' lang='lat' dir='ltr'>orationum</span> <span class='ocrx_word' id='word_1_48' title='bbox 553 1005 727 1082; x_wconf 88' lang='lat' dir='ltr'>substitui</span> <span class='ocrx_word' id='word_1_49' title='bbox 738 1003 1019 1104; x_wconf 90' lang='lat' dir='ltr'>potuerint,nec</span> <span class='ocrx_word' id='word_1_50' title='bbox 1029 997 1103 1074; x_wconf 91' lang='lat' dir='ltr'>dici</span> <span class='ocrx_word' id='word_1_51' title='bbox 1119 1010 1242 1099; x_wconf 83' lang='lat' dir='ltr'><strong>queat,</strong></span> <span class='ocrx_word' id='word_1_52' title='bbox 1252 1023 1328 1098; x_wconf 93' lang='lat' dir='ltr'>quo</span> <span class='ocrx_word' id='word_1_53' title='bbox 1341 999 1519 1102; x_wconf 80' lang='lat' dir='ltr'>singulari</span> <span class='ocrx_word' id='word_1_54' title='bbox 1532 1025 1620 1076; x_wconf 86' lang='lat' dir='ltr'>casu</span> <span class='ocrx_word' id='word_1_55' title='bbox 1628 1001 1763 1079; x_wconf 86' lang='lat' dir='ltr'>barum</span> <span class='ocrx_word' id='word_1_56' title='bbox 1775 1008 1899 1082; x_wconf 88' lang='lat' dir='ltr'>omnia</span> <span class='ocrx_word' id='word_1_57' title='bbox 1914 1013 2095 1116; x_wconf 85' lang='lat' dir='ltr'>exempla,</span> <span class='ocrx_word' id='word_1_58' title='bbox 2113 1018 2152 1088; x_wconf 90' lang='lat' dir='ltr'>in</span> 
     </span>
     <span class='ocr_line' id='line_1_7' title="bbox 329 1118 2155 1231; baseline 0.001 -25"><span class='ocrx_word' id='word_1_59' title='bbox 329 1118 2155 1231; x_wconf 83' lang='lat' dir='ltr'>summaquidemlrequentiabibliothecarumacmaximostudiolegendiimitandiqueCiceronis,</span> 
     </span>
     <span class='ocr_line' id='line_1_8' title="bbox 328 1239 2157 1350; baseline -0.006 -21"><span class='ocrx_word' id='word_1_60' title='bbox 328 1257 524 1329; x_wconf 81' lang='lat' dir='ltr'>interemta</span> <span class='ocrx_word' id='word_1_61' title='bbox 538 1251 623 1326; x_wconf 90' lang='lat' dir='ltr'>sint.</span> <span class='ocrx_word' id='word_1_62' title='bbox 649 1247 744 1322; x_wconf 90' lang='lat' dir='ltr'>Nam</span> <span class='ocrx_word' id='word_1_63' title='bbox 756 1246 796 1320; x_wconf 92' lang='lat' dir='ltr'>id</span> <span class='ocrx_word' id='word_1_64' title='bbox 809 1245 964 1318; x_wconf 88' lang='lat' dir='ltr'>minime</span> <span class='ocrx_word' id='word_1_65' title='bbox 975 1269 1118 1332; x_wconf 80' lang='lat' dir='ltr'>vereor,</span> <span class='ocrx_word' id='word_1_66' title='bbox 1131 1264 1180 1315; x_wconf 92' lang='lat' dir='ltr'>ne</span> <span class='ocrx_word' id='word_1_67' title='bbox 1193 1239 1254 1314; x_wconf 90' lang='lat' dir='ltr'>cui</span> <span class='ocrx_word' id='word_1_68' title='bbox 1263 1240 1302 1313; x_wconf 87' lang='lat' dir='ltr'>in</span> <span class='ocrx_word' id='word_1_69' title='bbox 1314 1243 1619 1332; x_wconf 88' lang='lat' dir='ltr'>mentemveniat,</span> <span class='ocrx_word' id='word_1_70' title='bbox 1632 1258 1715 1323; x_wconf 82' lang='lat' dir='ltr'>tuna</span> <span class='ocrx_word' id='word_1_71' title='bbox 1727 1271 1847 1348; x_wconf 88' lang='lat' dir='ltr'>quum</span> <span class='ocrx_word' id='word_1_72' title='bbox 1858 1255 2157 1350; x_wconf 64' lang='lat' dir='ltr'>possentutrius.</span> 
     </span>
     <span class='ocr_line' id='line_1_9' title="bbox 329 1355 2156 1472; baseline 0.001 -28"><span class='ocrx_word' id='word_1_73' title='bbox 329 1397 403 1472; x_wconf 91' lang='lat' dir='ltr'>que</span> <span class='ocrx_word' id='word_1_74' title='bbox 414 1369 576 1443; x_wconf 89' lang='lat' dir='ltr'>auctoris</span> <span class='ocrx_word' id='word_1_75' title='bbox 588 1365 726 1465; x_wconf 81' lang='lat' dir='ltr'>scripta</span> <span class='ocrx_word' id='word_1_76' title='bbox 736 1361 954 1461; x_wconf 87' lang='lat' dir='ltr'>comparari,</span> <span class='ocrx_word' id='word_1_77' title='bbox 963 1357 1170 1434; x_wconf 86' lang='lat' dir='ltr'>scholastici</span> <span class='ocrx_word' id='word_1_78' title='bbox 1179 1355 1439 1452; x_wconf 85' lang='lat' dir='ltr'>declamatoris</span> <span class='ocrx_word' id='word_1_79' title='bbox 1447 1356 1568 1434; x_wconf 85' lang='lat' dir='ltr'>foetus</span> <span class='ocrx_word' id='word_1_80' title='bbox 1580 1385 1669 1436; x_wconf 85' lang='lat' dir='ltr'>cuna</span> <span class='ocrx_word' id='word_1_81' title='bbox 1678 1368 2156 1463; x_wconf 85' lang='lat' dir='ltr'>praestantissimisCicem·</span> 
     </span>
     <span class='ocr_line' id='line_1_10' title="bbox 328 1474 2157 1581; baseline -0.002 -14"><span class='ocrx_word' id='word_1_82' title='bbox 328 1496 385 1567; x_wconf 90' lang='lat' dir='ltr'>nis</span> <span class='ocrx_word' id='word_1_83' title='bbox 400 1486 630 1564; x_wconf 88' lang='lat' dir='ltr'>orationibus</span> <span class='ocrx_word' id='word_1_84' title='bbox 644 1482 818 1558; x_wconf 81' lang='lat' dir='ltr'>confusos</span> <span class='ocrx_word' id='word_1_85' title='bbox 834 1503 920 1554; x_wconf 87' lang='lat' dir='ltr'>esse.</span> <span class='ocrx_word' id='word_1_86' title='bbox 935 1476 1046 1552; x_wconf 83' lang='lat' dir='ltr'>Adde</span> <span class='ocrx_word' id='word_1_87' title='bbox 1061 1474 1315 1550; x_wconf 86' lang='lat' dir='ltr'>infirmitatem</span> <span class='ocrx_word' id='word_1_88' title='bbox 1325 1481 1546 1578; x_wconf 87' lang='lat' dir='ltr'>argumenti,</span> <span class='ocrx_word' id='word_1_89' title='bbox 1569 1505 1646 1581; x_wconf 92' lang='lat' dir='ltr'>quo</span> <span class='ocrx_word' id='word_1_90' title='bbox 1670 1483 1805 1558; x_wconf 87' lang='lat' dir='ltr'>nititur</span> <span class='ocrx_word' id='word_1_91' title='bbox 1820 1485 2018 1564; x_wconf 86' lang='lat' dir='ltr'>illaWolfii</span> <span class='ocrx_word' id='word_1_92' title='bbox 2031 1489 2157 1564; x_wconf 89' lang='lat' dir='ltr'>conie-</span> 
     </span>
     <span class='ocr_line' id='line_1_11' title="bbox 331 1597 2151 1703; baseline -0.003 -18"><span class='ocrx_word' id='word_1_93' title='bbox 331 1625 449 1685; x_wconf 84' lang='lat' dir='ltr'>ctura.</span> <span class='ocrx_word' id='word_1_94' title='bbox 464 1599 852 1703; x_wconf 82' lang='lat' dir='ltr'>Namprobabilisvisa</span> <span class='ocrx_word' id='word_1_95' title='bbox 866 1609 920 1672; x_wconf 91' lang='lat' dir='ltr'>est</span> <span class='ocrx_word' id='word_1_96' title='bbox 928 1597 1267 1698; x_wconf 88' lang='lat' dir='ltr'>accusatori,quum</span> <span class='ocrx_word' id='word_1_97' title='bbox 1275 1597 1376 1674; x_wconf 90' lang='lat' dir='ltr'>locos</span> <span class='ocrx_word' id='word_1_98' title='bbox 1386 1597 1729 1702; x_wconf 84' lang='lat' dir='ltr'>aPediano,Aquila</span> <span class='ocrx_word' id='word_1_99' title='bbox 1736 1599 1977 1678; x_wconf 82' lang='lat' dir='ltr'>etllufiniano</span> <span class='ocrx_word' id='word_1_100' title='bbox 1986 1629 2032 1678; x_wconf 86' lang='lat' dir='ltr'>ex</span> <span class='ocrx_word' id='word_1_101' title='bbox 2043 1619 2151 1680; x_wconf 91' lang='lat' dir='ltr'>oratt.</span> 
     </span>
     <span class='ocr_line' id='line_1_12' title="bbox 330 1712 2152 1828; baseline -0.001 -30"><span class='ocrx_word' id='word_1_102' title='bbox 330 1750 401 1828; x_wconf 87' lang='lat' dir='ltr'>pro</span> <span class='ocrx_word' id='word_1_103' title='bbox 415 1721 528 1798; x_wconf 91' lang='lat' dir='ltr'>domo</span> <span class='ocrx_word' id='word_1_104' title='bbox 541 1733 578 1794; x_wconf 89' lang='lat' dir='ltr'>et</span> <span class='ocrx_word' id='word_1_105' title='bbox 592 1717 640 1793; x_wconf 93' lang='lat' dir='ltr'>de</span> <span class='ocrx_word' id='word_1_106' title='bbox 655 1716 906 1816; x_wconf 86' lang='lat' dir='ltr'>Haruspicum</span> <span class='ocrx_word' id='word_1_107' title='bbox 919 1712 1102 1812; x_wconf 85' lang='lat' dir='ltr'>responsis</span> <span class='ocrx_word' id='word_1_108' title='bbox 1120 1713 1248 1794; x_wconf 88' lang='lat' dir='ltr'>allatos</span> <span class='ocrx_word' id='word_1_109' title='bbox 1265 1718 1519 1794; x_wconf 83' lang='lat' dir='ltr'>consideraret</span> <span class='ocrx_word' id='word_1_110' title='bbox 1529 1731 1566 1796; x_wconf 89' lang='lat' dir='ltr'>et</span> <span class='ocrx_word' id='word_1_111' title='bbox 1583 1743 1673 1793; x_wconf 89' lang='lat' dir='ltr'>cum</span> <span class='ocrx_word' id='word_1_112' title='bbox 1686 1731 1791 1792; x_wconf 78' lang='lat' dir='ltr'>team</span> <span class='ocrx_word' id='word_1_113' title='bbox 1810 1732 1940 1794; x_wconf 88' lang='lat' dir='ltr'>nostro</span> <span class='ocrx_word' id='word_1_114' title='bbox 1954 1719 2152 1796; x_wconf 81' lang='lat' dir='ltr'>conferret.</span> 
     </span>
     <span class='ocr_line' id='line_1_13' title="bbox 213 1835 2153 1948; baseline -0.001 -29"><span class='ocrx_word' id='word_1_115' title='bbox 213 1837 219 1854; x_wconf 85' lang='lat'>&#39;</span> <span class='ocrx_word' id='word_1_116' title='bbox 327 1852 458 1948; x_wconf 84' lang='lat' dir='ltr'>Itaque</span> <span class='ocrx_word' id='word_1_117' title='bbox 471 1853 626 1943; x_wconf 86' lang='lat' dir='ltr'>propter</span> <span class='ocrx_word' id='word_1_118' title='bbox 653 1836 951 1936; x_wconf 80' lang='lat' dir='ltr'>discrepantiam,</span> <span class='ocrx_word' id='word_1_119' title='bbox 974 1860 1089 1936; x_wconf 91' lang='lat' dir='ltr'>quam</span> <span class='ocrx_word' id='word_1_120' title='bbox 1111 1836 1208 1910; x_wconf 89' lang='lat' dir='ltr'>inter</span> <span class='ocrx_word' id='word_1_121' title='bbox 1228 1838 1311 1914; x_wconf 93' lang='lat' dir='ltr'>illos</span> <span class='ocrx_word' id='word_1_122' title='bbox 1331 1839 1432 1915; x_wconf 89' lang='lat' dir='ltr'>locos</span> <span class='ocrx_word' id='word_1_123' title='bbox 1460 1851 1498 1913; x_wconf 92' lang='lat' dir='ltr'>et</span> <span class='ocrx_word' id='word_1_124' title='bbox 1518 1851 1661 1914; x_wconf 89' lang='lat' dir='ltr'>nostras</span> <span class='ocrx_word' id='word_1_125' title='bbox 1682 1839 1867 1914; x_wconf 89' lang='lat' dir='ltr'>orationes</span> <span class='ocrx_word' id='word_1_126' title='bbox 1894 1835 2153 1940; x_wconf 83' lang='lat' dir='ltr'>deprehendit,</span> 
     </span>
     <span class='ocr_line' id='line_1_14' title="bbox 327 1949 2155 2054; baseline -0.002 -15"><span class='ocrx_word' id='word_1_127' title='bbox 327 1966 416 2040; x_wconf 85' lang='lat' dir='ltr'>alias</span> <span class='ocrx_word' id='word_1_128' title='bbox 429 1961 553 2046; x_wconf 89' lang='lat' dir='ltr'>fuisse,</span> <span class='ocrx_word' id='word_1_129' title='bbox 565 1981 611 2029; x_wconf 86' lang='lat' dir='ltr'>ex</span> <span class='ocrx_word' id='word_1_130' title='bbox 623 1953 760 2054; x_wconf 91' lang='lat' dir='ltr'>quibus</span> <span class='ocrx_word' id='word_1_131' title='bbox 776 1949 829 2024; x_wconf 93' lang='lat' dir='ltr'>illi</span> <span class='ocrx_word' id='word_1_132' title='bbox 841 1964 1070 2051; x_wconf 89' lang='lat' dir='ltr'>peterentur,</span> <span class='ocrx_word' id='word_1_133' title='bbox 1085 1955 1270 2030; x_wconf 86' lang='lat' dir='ltr'>orationes</span> <span class='ocrx_word' id='word_1_134' title='bbox 1281 1955 1451 2030; x_wconf 90' lang='lat' dir='ltr'>coniecit.</span> <span class='ocrx_word' id='word_1_135' title='bbox 1467 1955 1598 2054; x_wconf 88' lang='lat' dir='ltr'>Neque</span> <span class='ocrx_word' id='word_1_136' title='bbox 1613 1955 1751 2028; x_wconf 87' lang='lat' dir='ltr'>iniuria</span> <span class='ocrx_word' id='word_1_137' title='bbox 1764 1953 1966 2050; x_wconf 83' lang='lat' dir='ltr'>idfaceret,</span> <span class='ocrx_word' id='word_1_138' title='bbox 1981 1959 2013 2032; x_wconf 89' lang='lat' dir='ltr'>si</span> <span class='ocrx_word' id='word_1_139' title='bbox 2029 1961 2155 2034; x_wconf 89' lang='lat' dir='ltr'>minor</span> 
     </span>
     <span class='ocr_line' id='line_1_15' title="bbox 328 2072 2154 2180; baseline -0.003 -20"><span class='ocrx_word' id='word_1_140' title='bbox 328 2077 679 2178; x_wconf 88' lang='lat' dir='ltr'>essetdiscrepantia</span> <span class='ocrx_word' id='word_1_141' title='bbox 690 2075 787 2148; x_wconf 89' lang='lat' dir='ltr'>inter</span> <span class='ocrx_word' id='word_1_142' title='bbox 797 2072 897 2147; x_wconf 91' lang='lat' dir='ltr'>locos</span> <span class='ocrx_word' id='word_1_143' title='bbox 910 2073 1068 2147; x_wconf 88' lang='lat' dir='ltr'>aliarum</span> <span class='ocrx_word' id='word_1_144' title='bbox 1078 2075 1347 2152; x_wconf 82' lang='lat' dir='ltr'>orationumab</span> <span class='ocrx_word' id='word_1_145' title='bbox 1360 2074 1493 2150; x_wconf 87' lang='lat' dir='ltr'>iisdem</span> <span class='ocrx_word' id='word_1_146' title='bbox 1502 2075 1747 2176; x_wconf 87' lang='lat' dir='ltr'>scriptoribus</span> <span class='ocrx_word' id='word_1_147' title='bbox 1755 2073 1884 2150; x_wconf 88' lang='lat' dir='ltr'>allatos</span> <span class='ocrx_word' id='word_1_148' title='bbox 1899 2088 1936 2150; x_wconf 90' lang='lat' dir='ltr'>et</span> <span class='ocrx_word' id='word_1_149' title='bbox 1943 2075 2043 2150; x_wconf 89' lang='lat' dir='ltr'>inter</span> <span class='ocrx_word' id='word_1_150' title='bbox 2057 2079 2154 2180; x_wconf 86' lang='lat' dir='ltr'>ipsas</span> 
     </span>
     <span class='ocr_line' id='line_1_16' title="bbox 325 2177 2146 2295; baseline -0.005 -18"><span class='ocrx_word' id='word_1_151' title='bbox 325 2202 406 2278; x_wconf 84' lang='lat' dir='ltr'>illas</span> <span class='ocrx_word' id='word_1_152' title='bbox 418 2195 614 2271; x_wconf 90' lang='lat' dir='ltr'>orationes.</span> <span class='ocrx_word' id='word_1_153' title='bbox 639 2190 783 2268; x_wconf 79' lang='lat' dir='ltr'>Verum</span> <span class='ocrx_word' id='word_1_154' title='bbox 803 2186 913 2276; x_wconf 89' lang='lat' dir='ltr'>istud,</span> <span class='ocrx_word' id='word_1_155' title='bbox 928 2213 1005 2289; x_wconf 88' lang='lat' dir='ltr'>quo</span> <span class='ocrx_word' id='word_1_156' title='bbox 1017 2189 1131 2281; x_wconf 87' lang='lat' dir='ltr'>modo</span> <span class='ocrx_word' id='word_1_157' title='bbox 1145 2215 1184 2264; x_wconf 91' lang='lat' dir='ltr'>se</span> <span class='ocrx_word' id='word_1_158' title='bbox 1200 2177 1342 2281; x_wconf 80' lang='lat' dir='ltr'>liabeat,</span> <span class='ocrx_word' id='word_1_159' title='bbox 1351 2205 1388 2266; x_wconf 94' lang='lat' dir='ltr'>et</span> <span class='ocrx_word' id='word_1_160' title='bbox 1401 2219 1517 2293; x_wconf 87' lang='lat' dir='ltr'>quam</span> <span class='ocrx_word' id='word_1_161' title='bbox 1528 2187 1657 2268; x_wconf 85' lang='lat' dir='ltr'>Wolfii</span> <span class='ocrx_word' id='word_1_162' title='bbox 1672 2191 1888 2266; x_wconf 90' lang='lat' dir='ltr'>coniectura</span> <span class='ocrx_word' id='word_1_163' title='bbox 1902 2195 2146 2295; x_wconf 86' lang='lat' dir='ltr'>praecipitata</span> 
     </span>
     <span class='ocr_line' id='line_1_17' title="bbox 326 2305 2154 2416; baseline -0.003 -21"><span class='ocrx_word' id='word_1_164' title='bbox 326 2321 384 2412; x_wconf 89' lang='lat' dir='ltr'>sit,</span> <span class='ocrx_word' id='word_1_165' title='bbox 412 2315 454 2390; x_wconf 93' lang='lat' dir='ltr'>id</span> <span class='ocrx_word' id='word_1_166' title='bbox 475 2312 629 2388; x_wconf 91' lang='lat' dir='ltr'>minime</span> <span class='ocrx_word' id='word_1_167' title='bbox 655 2305 817 2382; x_wconf 89' lang='lat' dir='ltr'>dubium</span> <span class='ocrx_word' id='word_1_168' title='bbox 840 2306 1029 2406; x_wconf 86' lang='lat' dir='ltr'>relinquet</span> <span class='ocrx_word' id='word_1_169' title='bbox 1040 2321 1214 2382; x_wconf 87' lang='lat' dir='ltr'>accurata</span> <span class='ocrx_word' id='word_1_170' title='bbox 1229 2310 1409 2384; x_wconf 87' lang='lat' dir='ltr'>similium</span> <span class='ocrx_word' id='word_1_171' title='bbox 1423 2306 1683 2409; x_wconf 88' lang='lat' dir='ltr'>exemplorum</span> <span class='ocrx_word' id='word_1_172' title='bbox 1699 2309 1960 2400; x_wconf 86' lang='lat' dir='ltr'>consideratio,</span> <span class='ocrx_word' id='word_1_173' title='bbox 1987 2340 2154 2416; x_wconf 87' lang='lat' dir='ltr'>quorum</span> 
     </span>
     <span class='ocr_line' id='line_1_18' title="bbox 327 2427 2152 2531; baseline -0.005 -13"><span class='ocrx_word' id='word_1_174' title='bbox 327 2467 449 2517; x_wconf 91' lang='lat' dir='ltr'>unum</span> <span class='ocrx_word' id='word_1_175' title='bbox 472 2435 688 2520; x_wconf 81' lang='lat' dir='ltr'>alterumve,</span> <span class='ocrx_word' id='word_1_176' title='bbox 715 2427 821 2531; x_wconf 92' lang='lat' dir='ltr'>quod</span> <span class='ocrx_word' id='word_1_177' title='bbox 845 2440 960 2502; x_wconf 79' lang='lat' dir='ltr'>exstat</span> <span class='ocrx_word' id='word_1_178' title='bbox 985 2427 1088 2528; x_wconf 88' lang='lat' dir='ltr'>apud</span> <span class='ocrx_word' id='word_1_179' title='bbox 1112 2428 1290 2529; x_wconf 86' lang='lat' dir='ltr'>Aquilam</span> <span class='ocrx_word' id='word_1_180' title='bbox 1314 2432 1549 2518; x_wconf 86' lang='lat' dir='ltr'>Romanum,</span> <span class='ocrx_word' id='word_1_181' title='bbox 1575 2454 1622 2502; x_wconf 83' lang='lat' dir='ltr'>ex</span> <span class='ocrx_word' id='word_1_182' title='bbox 1647 2454 1724 2530; x_wconf 86' lang='lat' dir='ltr'>quo</span> <span class='ocrx_word' id='word_1_183' title='bbox 1749 2428 1797 2504; x_wconf 91' lang='lat' dir='ltr'>de</span> <span class='ocrx_word' id='word_1_184' title='bbox 1823 2431 1988 2508; x_wconf 90' lang='lat' dir='ltr'>Pediano</span> <span class='ocrx_word' id='word_1_185' title='bbox 2014 2447 2051 2508; x_wconf 91' lang='lat' dir='ltr'>et</span> <span class='ocrx_word' id='word_1_186' title='bbox 2075 2437 2152 2509; x_wconf 81' lang='lat' dir='ltr'>Ra-</span> 
     </span>
     <span class='ocr_line' id='line_1_19' title="bbox 325 2547 2154 2657; baseline -0.004 -19"><span class='ocrx_word' id='word_1_187' title='bbox 325 2563 465 2640; x_wconf 88' lang='lat' dir='ltr'>finiano</span> <span class='ocrx_word' id='word_1_188' title='bbox 497 2555 631 2631; x_wconf 90' lang='lat' dir='ltr'>coniici</span> <span class='ocrx_word' id='word_1_189' title='bbox 670 2564 808 2654; x_wconf 90' lang='lat' dir='ltr'>potest,</span> <span class='ocrx_word' id='word_1_190' title='bbox 849 2547 920 2622; x_wconf 91' lang='lat' dir='ltr'>boc</span> <span class='ocrx_word' id='word_1_191' title='bbox 952 2547 1036 2622; x_wconf 92' lang='lat' dir='ltr'>loeo</span> <span class='ocrx_word' id='word_1_192' title='bbox 1070 2549 1109 2622; x_wconf 91' lang='lat' dir='ltr'>in</span> <span class='ocrx_word' id='word_1_193' title='bbox 1142 2548 1313 2625; x_wconf 88' lang='lat' dir='ltr'>medium</span> <span class='ocrx_word' id='word_1_194' title='bbox 1342 2551 1475 2624; x_wconf 80' lang='lat' dir='ltr'>afferre</span> <span class='ocrx_word' id='word_1_195' title='bbox 1512 2548 1647 2649; x_wconf 85' lang='lat' dir='ltr'>placet</span> <span class='ocrx_word' id='word_1_196' title='bbox 1696 2551 1822 2628; x_wconf 85' lang='lat' dir='ltr'>Verba</span> <span class='ocrx_word' id='word_1_197' title='bbox 1854 2552 2045 2628; x_wconf 86' lang='lat' dir='ltr'>Ciceronis</span> <span class='ocrx_word' id='word_1_198' title='bbox 2082 2581 2154 2657; x_wconf 90' lang='lat' dir='ltr'>pro</span> 
     </span>
     <span class='ocr_line' id='line_1_20' title="bbox 326 2669 2152 2778; baseline -0.003 -22"><span class='ocrx_word' id='word_1_199' title='bbox 326 2683 481 2770; x_wconf 85' lang='lat' dir='ltr'>Milone,</span> <span class='ocrx_word' id='word_1_200' title='bbox 507 2703 538 2752; x_wconf 91' lang='lat' dir='ltr'>c.</span> <span class='ocrx_word' id='word_1_201' title='bbox 565 2701 644 2777; x_wconf 76' lang='lat' dir='ltr'>ap,</span> <span class='ocrx_word' id='word_1_202' title='bbox 669 2675 715 2748; x_wconf 87' lang='lat' dir='ltr'>de</span> <span class='ocrx_word' id='word_1_203' title='bbox 741 2697 834 2774; x_wconf 91' lang='lat' dir='ltr'>qua,</span> <span class='ocrx_word' id='word_1_204' title='bbox 866 2671 902 2742; x_wconf 89' lang='lat' dir='ltr'>si</span> <span class='ocrx_word' id='word_1_205' title='bbox 926 2671 1001 2741; x_wconf 90' lang='lat' dir='ltr'>iam</span> <span class='ocrx_word' id='word_1_206' title='bbox 1024 2669 1161 2742; x_wconf 88' lang='lat' dir='ltr'>nollem</span> <span class='ocrx_word' id='word_1_207' title='bbox 1185 2673 1239 2743; x_wconf 86' lang='lat' dir='ltr'>ita</span> <span class='ocrx_word' id='word_1_208' title='bbox 1263 2671 1409 2746; x_wconf 89' lang='lat' dir='ltr'>diluere</span> <span class='ocrx_word' id='word_1_209' title='bbox 1434 2675 1594 2760; x_wconf 79' lang='lat' dir='ltr'>crinsen,</span> <span class='ocrx_word' id='word_1_210' title='bbox 1620 2685 1664 2744; x_wconf 92' lang='lat' dir='ltr'>ut</span> <span class='ocrx_word' id='word_1_211' title='bbox 1687 2674 1806 2762; x_wconf 90' lang='lat' dir='ltr'>dilui,</span> <span class='ocrx_word' id='word_1_212' title='bbox 1850 2687 1975 2751; x_wconf 90' lang='lat' dir='ltr'>tamen</span> <span class='ocrx_word' id='word_1_213' title='bbox 1999 2679 2152 2778; x_wconf 88' lang='lat' dir='ltr'>impune</span> 
     </span>
     <span class='ocr_line' id='line_1_21' title="bbox 330 2789 2146 2900; baseline -0.004 -22"><span class='ocrx_word' id='word_1_214' title='bbox 330 2804 478 2890; x_wconf 83' lang='lat' dir='ltr'>Miloni,</span> <span class='ocrx_word' id='word_1_215' title='bbox 500 2798 629 2900; x_wconf 87' lang='lat' dir='ltr'>palam</span> <span class='ocrx_word' id='word_1_216' title='bbox 642 2794 807 2868; x_wconf 88' lang='lat' dir='ltr'>clamare</span> <span class='ocrx_word' id='word_1_217' title='bbox 830 2804 944 2891; x_wconf 89' lang='lat' dir='ltr'>atque</span> <span class='ocrx_word' id='word_1_218' title='bbox 969 2794 1122 2864; x_wconf 85' lang='lat' dir='ltr'>mentiri</span> <span class='ocrx_word' id='word_1_219' title='bbox 1144 2791 1312 2890; x_wconf 83' lang='lat' dir='ltr'>gloriose</span> <span class='ocrx_word' id='word_1_220' title='bbox 1336 2791 1484 2878; x_wconf 87' lang='lat' dir='ltr'>liceret,</span> <span class='ocrx_word' id='word_1_221' title='bbox 1505 2789 1608 2890; x_wconf 89' lang='lat' dir='ltr'>apud</span> <span class='ocrx_word' id='word_1_222' title='bbox 1621 2790 1799 2892; x_wconf 84' lang='lat' dir='ltr'>Aquilam</span> <span class='ocrx_word' id='word_1_223' title='bbox 1824 2792 1896 2868; x_wconf 88' lang='lat' dir='ltr'>boc</span> <span class='ocrx_word' id='word_1_224' title='bbox 1921 2794 2036 2870; x_wconf 93' lang='lat' dir='ltr'>modo</span> <span class='ocrx_word' id='word_1_225' title='bbox 2057 2822 2146 2870; x_wconf 92' lang='lat' dir='ltr'>con-</span> 
     </span>
     <span class='ocr_line' id='line_1_22' title="bbox 327 2912 2155 3019; baseline -0.003 -23"><span class='ocrx_word' id='word_1_226' title='bbox 327 2921 541 3007; x_wconf 87' lang='lat' dir='ltr'>trahuntur,</span> <span class='ocrx_word' id='word_1_227' title='bbox 566 2944 602 3019; x_wconf 94' lang='lat' dir='ltr'>p.</span> <span class='ocrx_word' id='word_1_228' title='bbox 635 2917 712 3012; x_wconf 73' lang='lat'>¹49·</span> <span class='ocrx_word' id='word_1_229' title='bbox 767 2912 913 3011; x_wconf 86' lang='lat' dir='ltr'>Quodsi</span> <span class='ocrx_word' id='word_1_230' title='bbox 936 2935 1014 2984; x_wconf 89' lang='lat' dir='ltr'>non</span> <span class='ocrx_word' id='word_1_231' title='bbox 1034 2936 1184 3011; x_wconf 86' lang='lat' dir='ltr'>possem</span> <span class='ocrx_word' id='word_1_232' title='bbox 1208 2913 1356 2986; x_wconf 90' lang='lat' dir='ltr'>diluere</span> <span class='ocrx_word' id='word_1_233' title='bbox 1387 2915 1556 3000; x_wconf 85' lang='lat' dir='ltr'>crimen,</span> <span class='ocrx_word' id='word_1_234' title='bbox 1594 2927 1638 2986; x_wconf 89' lang='lat' dir='ltr'>ut</span> <span class='ocrx_word' id='word_1_235' title='bbox 1661 2915 1790 3004; x_wconf 87' lang='lat' dir='ltr'>dilui,</span> <span class='ocrx_word' id='word_1_236' title='bbox 1832 2929 1957 2990; x_wconf 87' lang='lat' dir='ltr'>tamen</span> <span class='ocrx_word' id='word_1_237' title='bbox 1988 2918 2155 3016; x_wconf 81' lang='lat' dir='ltr'>gloriose</span> 
     </span>
     <span class='ocr_line' id='line_1_23' title="bbox 326 3031 2148 3142; baseline -0.003 -26"><span class='ocrx_word' id='word_1_238' title='bbox 326 3041 419 3118; x_wconf 86' lang='lat' dir='ltr'>laaec</span> <span class='ocrx_word' id='word_1_239' title='bbox 455 3041 682 3142; x_wconf 90' lang='lat' dir='ltr'>praedicare</span> <span class='ocrx_word' id='word_1_240' title='bbox 717 3034 855 3108; x_wconf 82' lang='lat' dir='ltr'>Miloni</span> <span class='ocrx_word' id='word_1_241' title='bbox 878 3033 1019 3106; x_wconf 89' lang='lat' dir='ltr'>liceret.</span> <span class='ocrx_word' id='word_1_242' title='bbox 1071 3032 1175 3122; x_wconf 85' lang='lat' dir='ltr'>Item,</span> <span class='ocrx_word' id='word_1_243' title='bbox 1202 3035 1268 3135; x_wconf 91' lang='lat' dir='ltr'>qui</span> <span class='ocrx_word' id='word_1_244' title='bbox 1292 3031 1524 3132; x_wconf 68' lang='lat' dir='ltr'>locusapud</span> <span class='ocrx_word' id='word_1_245' title='bbox 1549 3034 1727 3133; x_wconf 88' lang='lat' dir='ltr'>Aquilam</span> <span class='ocrx_word' id='word_1_246' title='bbox 1751 3037 1804 3110; x_wconf 91' lang='lat' dir='ltr'>sic</span> <span class='ocrx_word' id='word_1_247' title='bbox 1830 3035 1976 3136; x_wconf 85' lang='lat' dir='ltr'>legitur,</span> <span class='ocrx_word' id='word_1_248' title='bbox 2002 3064 2039 3138; x_wconf 92' lang='lat' dir='ltr'>p.</span> <span class='ocrx_word' id='word_1_249' title='bbox 2070 3038 2148 3130; x_wconf 73' lang='lat'>146.</span> 
     </span>
     <span class='ocr_line' id='line_1_24' title="bbox 330 3151 2151 3264; baseline -0.002 -28"><span class='ocrx_word' id='word_1_250' title='bbox 330 3164 435 3264; x_wconf 83' lang='lat' dir='ltr'>Quid</span> <span class='ocrx_word' id='word_1_251' title='bbox 459 3161 553 3236; x_wconf 82' lang='lat' dir='ltr'>Sex.</span> <span class='ocrx_word' id='word_1_252' title='bbox 580 3153 773 3248; x_wconf 77' lang='lat' dir='ltr'>Naevius?</span> <span class='ocrx_word' id='word_1_253' title='bbox 796 3153 910 3226; x_wconf 79' lang='lat' dir='ltr'>Ridet</span> <span class='ocrx_word' id='word_1_254' title='bbox 933 3164 1102 3223; x_wconf 89' lang='lat' dir='ltr'>nostram</span> <span class='ocrx_word' id='word_1_255' title='bbox 1126 3153 1328 3226; x_wconf 86' lang='lat' dir='ltr'>amentiam</span> <span class='ocrx_word' id='word_1_256' title='bbox 1349 3151 1518 3238; x_wconf 89' lang='lat' dir='ltr'>scilicet,</span> <span class='ocrx_word' id='word_1_257' title='bbox 1543 3179 1661 3254; x_wconf 90' lang='lat' dir='ltr'>quum</span> <span class='ocrx_word' id='word_1_258' title='bbox 1683 3157 1731 3230; x_wconf 87' lang='lat' dir='ltr'>ab</span> <span class='ocrx_word' id='word_1_259' title='bbox 1755 3181 1800 3232; x_wconf 92' lang='lat' dir='ltr'>eo</span> <span class='ocrx_word' id='word_1_260' title='bbox 1825 3157 1953 3260; x_wconf 88' lang='lat' dir='ltr'>officia</span> <span class='ocrx_word' id='word_1_261' title='bbox 1967 3158 2057 3232; x_wconf 86' lang='lat' dir='ltr'>boni</span> <span class='ocrx_word' id='word_1_262' title='bbox 2070 3163 2151 3234; x_wconf 82' lang='lat' dir='ltr'>viri</span> 
     </span>
     <span class='ocr_line' id='line_1_25' title="bbox 326 3266 2150 3371; baseline -0.004 -13"><span class='ocrx_word' id='word_1_263' title='bbox 326 3278 594 3358; x_wconf 85' lang='lat' dir='ltr'>desideramus.</span> <span class='ocrx_word' id='word_1_264' title='bbox 621 3271 672 3344; x_wconf 83' lang='lat' dir='ltr'>Et</span> <span class='ocrx_word' id='word_1_265' title='bbox 694 3266 1005 3371; x_wconf 79' lang='lat' dir='ltr'>quemadmodum</span> <span class='ocrx_word' id='word_1_266' title='bbox 1029 3279 1159 3353; x_wconf 89' lang='lat' dir='ltr'>natus,</span> <span class='ocrx_word' id='word_1_267' title='bbox 1182 3271 1318 3370; x_wconf 86' lang='lat' dir='ltr'>inquit,</span> <span class='ocrx_word' id='word_1_268' title='bbox 1345 3280 1383 3342; x_wconf 87' lang='lat' dir='ltr'>et</span> <span class='ocrx_word' id='word_1_269' title='bbox 1406 3271 1718 3369; x_wconf 83' lang='lat' dir='ltr'>queamdmodum</span> <span class='ocrx_word' id='word_1_270' title='bbox 1741 3274 1927 3348; x_wconf 85' lang='lat' dir='ltr'>educatus</span> <span class='ocrx_word' id='word_1_271' title='bbox 1951 3301 2051 3365; x_wconf 90' lang='lat' dir='ltr'>sum,</span> <span class='ocrx_word' id='word_1_272' title='bbox 2076 3303 2150 3351; x_wconf 88' lang='lat' dir='ltr'>me·</span> 
     </span>
     <span class='ocr_line' id='line_1_26' title="bbox 325 3383 2148 3500; baseline -0.002 -24"><span class='ocrx_word' id='word_1_273' title='bbox 325 3404 429 3478; x_wconf 86' lang='lat' dir='ltr'>mini.</span> <span class='ocrx_word' id='word_1_274' title='bbox 458 3396 583 3474; x_wconf 88' lang='lat' dir='ltr'>Vetus</span> <span class='ocrx_word' id='word_1_275' title='bbox 607 3407 680 3481; x_wconf 89' lang='lat' dir='ltr'>est,</span> <span class='ocrx_word' id='word_1_276' title='bbox 697 3394 745 3467; x_wconf 92' lang='lat' dir='ltr'>de</span> <span class='ocrx_word' id='word_1_277' title='bbox 756 3413 895 3464; x_wconf 89' lang='lat' dir='ltr'>scurra</span> <span class='ocrx_word' id='word_1_278' title='bbox 905 3389 1055 3461; x_wconf 83' lang='lat' dir='ltr'>divitem</span> <span class='ocrx_word' id='word_1_279' title='bbox 1069 3383 1255 3486; x_wconf 86' lang='lat' dir='ltr'>facilius,</span> <span class='ocrx_word' id='word_1_280' title='bbox 1282 3415 1396 3492; x_wconf 90' lang='lat' dir='ltr'>quam</span> <span class='ocrx_word' id='word_1_281' title='bbox 1406 3404 1555 3489; x_wconf 88' lang='lat' dir='ltr'>patrem</span> <span class='ocrx_word' id='word_1_282' title='bbox 1569 3392 1750 3494; x_wconf 86' lang='lat' dir='ltr'>familias</span> <span class='ocrx_word' id='word_1_283' title='bbox 1765 3397 1861 3494; x_wconf 87' lang='lat' dir='ltr'>steri</span> <span class='ocrx_word' id='word_1_284' title='bbox 1882 3423 2016 3497; x_wconf 87' lang='lat' dir='ltr'>posse:</span> <span class='ocrx_word' id='word_1_285' title='bbox 2044 3398 2148 3500; x_wconf 87' lang='lat' dir='ltr'>apud</span> 
     </span>
     <span class='ocr_line' id='line_1_27' title="bbox 325 3505 2151 3617; baseline -0.001 -21"><span class='ocrx_word' id='word_1_286' title='bbox 325 3521 545 3596; x_wconf 90' lang='lat' dir='ltr'>Ciceronem</span> <span class='ocrx_word' id='word_1_287' title='bbox 568 3514 716 3617; x_wconf 90' lang='lat' dir='ltr'>plenior</span> <span class='ocrx_word' id='word_1_288' title='bbox 740 3523 805 3600; x_wconf 91' lang='lat' dir='ltr'>est,</span> <span class='ocrx_word' id='word_1_289' title='bbox 830 3531 899 3610; x_wconf 87' lang='lat' dir='ltr'>pro</span> <span class='ocrx_word' id='word_1_290' title='bbox 926 3505 1095 3602; x_wconf 90' lang='lat' dir='ltr'>Quintio,</span> <span class='ocrx_word' id='word_1_291' title='bbox 1120 3531 1152 3580; x_wconf 94' lang='lat' dir='ltr'>c.</span> <span class='ocrx_word' id='word_1_292' title='bbox 1183 3536 1237 3612; x_wconf 85' lang='lat'>¹7·</span> <span class='ocrx_word' id='word_1_293' title='bbox 1278 3511 1384 3611; x_wconf 84' lang='lat' dir='ltr'>Quid</span> <span class='ocrx_word' id='word_1_294' title='bbox 1405 3513 1456 3586; x_wconf 91' lang='lat' dir='ltr'>ad</span> <span class='ocrx_word' id='word_1_295' title='bbox 1478 3513 1574 3590; x_wconf 82' lang='lat' dir='ltr'>daec</span> <span class='ocrx_word' id='word_1_296' title='bbox 1598 3517 1797 3592; x_wconf 81' lang='lat' dir='ltr'>Naeuius?</span> <span class='ocrx_word' id='word_1_297' title='bbox 1842 3520 1956 3594; x_wconf 84' lang='lat' dir='ltr'>Ridet</span> <span class='ocrx_word' id='word_1_298' title='bbox 1983 3534 2151 3594; x_wconf 89' lang='lat' dir='ltr'>nostram</span> 
     </span>
     <span class='ocr_line' id='line_1_28' title="bbox 325 3631 2152 3741; baseline -0.002 -23"><span class='ocrx_word' id='word_1_299' title='bbox 325 3646 541 3729; x_wconf 88' lang='lat' dir='ltr'>amentiam,</span> <span class='ocrx_word' id='word_1_300' title='bbox 567 3640 637 3741; x_wconf 91' lang='lat' dir='ltr'>qui</span> <span class='ocrx_word' id='word_1_301' title='bbox 660 3640 701 3710; x_wconf 89' lang='lat' dir='ltr'>in</span> <span class='ocrx_word' id='word_1_302' title='bbox 724 3637 807 3708; x_wconf 83' lang='lat' dir='ltr'>uita</span> <span class='ocrx_word' id='word_1_303' title='bbox 832 3657 903 3704; x_wconf 91' lang='lat' dir='ltr'>sua</span> <span class='ocrx_word' id='word_1_304' title='bbox 918 3633 1102 3704; x_wconf 88' lang='lat' dir='ltr'>rationem</span> <span class='ocrx_word' id='word_1_305' title='bbox 1116 3635 1253 3706; x_wconf 88' lang='lat' dir='ltr'>summi</span> <span class='ocrx_word' id='word_1_306' title='bbox 1277 3631 1404 3734; x_wconf 87' lang='lat' dir='ltr'>officii</span> <span class='ocrx_word' id='word_1_307' title='bbox 1427 3635 1697 3725; x_wconf 88' lang='lat' dir='ltr'>desideremus,</span> <span class='ocrx_word' id='word_1_308' title='bbox 1723 3653 1761 3712; x_wconf 88' lang='lat' dir='ltr'>et</span> <span class='ocrx_word' id='word_1_309' title='bbox 1777 3643 1953 3713; x_wconf 89' lang='lat' dir='ltr'>instituta</span> <span class='ocrx_word' id='word_1_310' title='bbox 1968 3639 2152 3714; x_wconf 85' lang='lat' dir='ltr'>bonorum</span> 
     </span>
     <span class='ocr_line' id='line_1_29' title="bbox 325 3749 2150 3858; baseline -0.003 -26"><span class='ocrx_word' id='word_1_311' title='bbox 325 3762 499 3832; x_wconf 79' lang='lat' dir='ltr'>uirorum</span> <span class='ocrx_word' id='word_1_312' title='bbox 523 3758 774 3858; x_wconf 84' lang='lat' dir='ltr'>requiramus.</span> <span class='ocrx_word' id='word_1_313' title='bbox 804 3751 910 3851; x_wconf 87' lang='lat' dir='ltr'>Quid</span> <span class='ocrx_word' id='word_1_314' title='bbox 930 3749 1036 3838; x_wconf 84' lang='lat' dir='ltr'>milii,</span> <span class='ocrx_word' id='word_1_315' title='bbox 1064 3755 1204 3853; x_wconf 87' lang='lat' dir='ltr'>inquit,</span> <span class='ocrx_word' id='word_1_316' title='bbox 1231 3779 1318 3828; x_wconf 90' lang='lat' dir='ltr'>eum</span> <span class='ocrx_word' id='word_1_317' title='bbox 1342 3759 1415 3828; x_wconf 89' lang='lat' dir='ltr'>ista</span> <span class='ocrx_word' id='word_1_318' title='bbox 1430 3780 1574 3829; x_wconf 88' lang='lat' dir='ltr'>summu</span> <span class='ocrx_word' id='word_1_319' title='bbox 1589 3759 1838 3830; x_wconf 88' lang='lat' dir='ltr'>sanctimonia</span> <span class='ocrx_word' id='word_1_320' title='bbox 1863 3779 1911 3830; x_wconf 86' lang='lat' dir='ltr'>ac</span> <span class='ocrx_word' id='word_1_321' title='bbox 1924 3757 2150 3855; x_wconf 84' lang='lat' dir='ltr'>diligentia?</span> 
     </span>
     <span class='ocr_line' id='line_1_30' title="bbox 330 3873 2151 3978; baseline -0.005 -20"><span class='ocrx_word' id='word_1_322' title='bbox 330 3879 525 3966; x_wconf 86' lang='lat' dir='ltr'>Viderint,</span> <span class='ocrx_word' id='word_1_323' title='bbox 552 3883 692 3978; x_wconf 88' lang='lat' dir='ltr'>inquit,</span> <span class='ocrx_word' id='word_1_324' title='bbox 719 3878 784 3951; x_wconf 90' lang='lat' dir='ltr'>illa</span> <span class='ocrx_word' id='word_1_325' title='bbox 799 3874 1020 3978; x_wconf 81' lang='lat' dir='ltr'>officiauiri</span> <span class='ocrx_word' id='word_1_326' title='bbox 1044 3873 1150 3948; x_wconf 86' lang='lat' dir='ltr'>boni:</span> <span class='ocrx_word' id='word_1_327' title='bbox 1176 3876 1305 3948; x_wconf 88' lang='lat' dir='ltr'>deme</span> <span class='ocrx_word' id='word_1_328' title='bbox 1330 3889 1457 3949; x_wconf 86' lang='lat' dir='ltr'>autem</span> <span class='ocrx_word' id='word_1_329' title='bbox 1482 3879 1536 3950; x_wconf 89' lang='lat' dir='ltr'>ita</span> <span class='ocrx_word' id='word_1_330' title='bbox 1561 3877 1822 3950; x_wconf 83' lang='lat' dir='ltr'>considerent:</span> <span class='ocrx_word' id='word_1_331' title='bbox 1863 3902 1939 3952; x_wconf 91' lang='lat' dir='ltr'>non</span> <span class='ocrx_word' id='word_1_332' title='bbox 1971 3877 2066 3977; x_wconf 88' lang='lat' dir='ltr'>quid</span> <span class='ocrx_word' id='word_1_333' title='bbox 2087 3877 2151 3949; x_wconf 81' lang='lat' dir='ltr'>ba-</span> 
     </span>
     <span class='ocr_line' id='line_1_31' title="bbox 325 3995 2151 4098; baseline -0.003 -23"><span class='ocrx_word' id='word_1_334' title='bbox 325 3999 447 4087; x_wconf 65' lang='lat' dir='ltr'>beam</span> <span class='ocrx_word' id='word_1_335' title='bbox 471 3997 540 4072; x_wconf 88' lang='lat' dir='ltr'>sed</span> <span class='ocrx_word' id='word_1_336' title='bbox 561 3997 701 4098; x_wconf 89' lang='lat' dir='ltr'>quibus</span> <span class='ocrx_word' id='word_1_337' title='bbox 726 3996 840 4070; x_wconf 90' lang='lat' dir='ltr'>rebus</span> <span class='ocrx_word' id='word_1_338' title='bbox 863 3997 1084 4081; x_wconf 85' lang='lat' dir='ltr'>invenerim,</span> <span class='ocrx_word' id='word_1_339' title='bbox 1109 4006 1309 4095; x_wconf 85' lang='lat' dir='ltr'>quaerant.</span> <span class='ocrx_word' id='word_1_340' title='bbox 1346 3995 1396 4066; x_wconf 79' lang='lat' dir='ltr'>lit</span> <span class='ocrx_word' id='word_1_341' title='bbox 1418 3997 1730 4096; x_wconf 81' lang='lat' dir='ltr'>queamdmodum</span> <span class='ocrx_word' id='word_1_342' title='bbox 1744 4012 1875 4086; x_wconf 87' lang='lat' dir='ltr'>natus,</span> <span class='ocrx_word' id='word_1_343' title='bbox 1898 4011 2025 4098; x_wconf 87' lang='lat' dir='ltr'>etqua</span> <span class='ocrx_word' id='word_1_344' title='bbox 2036 4014 2151 4097; x_wconf 89' lang='lat' dir='ltr'>paeto</span> 
     </span>
     <span class='ocr_line' id='line_1_32' title="bbox 326 4111 2152 4218; baseline -0.004 -22"><span class='ocrx_word' id='word_1_345' title='bbox 326 4121 511 4196; x_wconf 87' lang='lat' dir='ltr'>educatus</span> <span class='ocrx_word' id='word_1_346' title='bbox 535 4121 621 4205; x_wconf 90' lang='lat' dir='ltr'>sim,</span> <span class='ocrx_word' id='word_1_347' title='bbox 653 4119 812 4190; x_wconf 87' lang='lat' dir='ltr'>memini.</span> <span class='ocrx_word' id='word_1_348' title='bbox 851 4115 895 4191; x_wconf 91' lang='lat' dir='ltr'><em>V</em></span> <span class='ocrx_word' id='word_1_349' title='bbox 890 4129 975 4188; x_wconf 87' lang='lat' dir='ltr'>etus</span> <span class='ocrx_word' id='word_1_350' title='bbox 1000 4129 1073 4202; x_wconf 90' lang='lat' dir='ltr'>est,</span> <span class='ocrx_word' id='word_1_351' title='bbox 1096 4113 1142 4188; x_wconf 88' lang='lat' dir='ltr'>de</span> <span class='ocrx_word' id='word_1_352' title='bbox 1165 4137 1304 4186; x_wconf 88' lang='lat' dir='ltr'>scurra</span> <span class='ocrx_word' id='word_1_353' title='bbox 1328 4111 1446 4186; x_wconf 90' lang='lat' dir='ltr'>multo</span> <span class='ocrx_word' id='word_1_354' title='bbox 1461 4114 1632 4214; x_wconf 87' lang='lat' dir='ltr'>facilius</span> <span class='ocrx_word' id='word_1_355' title='bbox 1655 4118 1824 4207; x_wconf 81' lang='lat' dir='ltr'>diuitem,</span> <span class='ocrx_word' id='word_1_356' title='bbox 1861 4143 1975 4217; x_wconf 88' lang='lat' dir='ltr'>quam</span> <span class='ocrx_word' id='word_1_357' title='bbox 2003 4132 2152 4218; x_wconf 87' lang='lat' dir='ltr'>patrem</span> 
     </span>
    </p>
   </div>
   <div class='ocr_carea' id='block_1_3' title="bbox 317 4241 2151 5066">
    <p class='ocr_par' dir='ltr' id='par_1_3' title="bbox 317 4241 2151 4822">
     <span class='ocr_line' id='line_1_33' title="bbox 317 4241 2150 4350; baseline -0.005 -27"><span class='ocrx_word' id='word_1_358' title='bbox 317 4249 496 4350; x_wconf 88' lang='lat' dir='ltr'>familias</span> <span class='ocrx_word' id='word_1_359' title='bbox 512 4247 608 4346; x_wconf 83' lang='lat' dir='ltr'>fieri</span> <span class='ocrx_word' id='word_1_360' title='bbox 624 4269 748 4346; x_wconf 88' lang='lat' dir='ltr'>posse.</span> <span class='ocrx_word' id='word_1_361' title='bbox 787 4243 960 4345; x_wconf 90' lang='lat' dir='ltr'>Denique</span> <span class='ocrx_word' id='word_1_362' title='bbox 996 4241 1128 4316; x_wconf 90' lang='lat' dir='ltr'>Cicero</span> <span class='ocrx_word' id='word_1_363' title='bbox 1161 4243 1200 4316; x_wconf 90' lang='lat' dir='ltr'>in</span> <span class='ocrx_word' id='word_1_364' title='bbox 1230 4243 1338 4320; x_wconf 85' lang='lat' dir='ltr'>Verr.</span> <span class='ocrx_word' id='word_1_365' title='bbox 1365 4243 1412 4334; x_wconf 88' lang='grc' dir='ltr'>Π,</span> <span class='ocrx_word' id='word_1_366' title='bbox 1443 4268 1497 4317; x_wconf 88' lang='grc' dir='ltr'>ιο.</span> <span class='ocrx_word' id='word_1_367' title='bbox 1524 4245 1592 4318; x_wconf 90' lang='lat' dir='ltr'>ait:</span> <span class='ocrx_word' id='word_1_368' title='bbox 1633 4247 1796 4322; x_wconf 88' lang='lat' dir='ltr'>Comites</span> <span class='ocrx_word' id='word_1_369' title='bbox 1826 4243 1884 4319; x_wconf 88' lang='lat' dir='ltr'>illi</span> <span class='ocrx_word' id='word_1_370' title='bbox 1917 4246 1976 4318; x_wconf 87' lang='lat' dir='ltr'>tui</span> <span class='ocrx_word' id='word_1_371' title='bbox 1999 4241 2150 4327; x_wconf 86' lang='lat' dir='ltr'>delecti,</span> 
     </span>
     <span class='ocr_line' id='line_1_34' title="bbox 324 4359 2151 4466; baseline -0.004 -28"><span class='ocrx_word' id='word_1_372' title='bbox 324 4380 582 4439; x_wconf 85' lang='lat' dir='ltr'>manuserant</span> <span class='ocrx_word' id='word_1_373' title='bbox 596 4379 705 4438; x_wconf 87' lang='lat' dir='ltr'>tuae:</span> <span class='ocrx_word' id='word_1_374' title='bbox 729 4359 939 4462; x_wconf 86' lang='lat' dir='ltr'>praefecti,</span> <span class='ocrx_word' id='word_1_375' title='bbox 955 4359 1119 4446; x_wconf 87' lang='lat' dir='ltr'>scribae,</span> <span class='ocrx_word' id='word_1_376' title='bbox 1148 4361 1301 4451; x_wconf 89' lang='lat' dir='ltr'>medici,</span> <span class='ocrx_word' id='word_1_377' title='bbox 1328 4368 1496 4453; x_wconf 88' lang='lat' dir='ltr'>accensi,</span> <span class='ocrx_word' id='word_1_378' title='bbox 1534 4363 1773 4466; x_wconf 75' lang='lat' dir='ltr'>haruspices,</span> <span class='ocrx_word' id='word_1_379' title='bbox 1797 4385 2009 4464; x_wconf 86' lang='lat' dir='ltr'>praecones</span> <span class='ocrx_word' id='word_1_380' title='bbox 2037 4372 2151 4434; x_wconf 88' lang='lat' dir='ltr'>erant</span> 
     </span>
     <span class='ocr_line' id='line_1_35' title="bbox 326 4481 2150 4587; baseline -0.006 -25"><span class='ocrx_word' id='word_1_381' title='bbox 326 4513 462 4562; x_wconf 76' lang='lat' dir='ltr'>smnus</span> <span class='ocrx_word' id='word_1_382' title='bbox 487 4502 587 4562; x_wconf 87' lang='lat' dir='ltr'>tuae.</span> <span class='ocrx_word' id='word_1_383' title='bbox 636 4486 687 4561; x_wconf 87' lang='lat' dir='ltr'>Ut</span> <span class='ocrx_word' id='word_1_384' title='bbox 711 4484 875 4586; x_wconf 90' lang='lat' dir='ltr'>quisque</span> <span class='ocrx_word' id='word_1_385' title='bbox 899 4496 936 4556; x_wconf 86' lang='lat' dir='ltr'>te</span> <span class='ocrx_word' id='word_1_386' title='bbox 961 4483 1127 4554; x_wconf 77' lang='lat' dir='ltr'>maxime</span> <span class='ocrx_word' id='word_1_387' title='bbox 1150 4485 1431 4559; x_wconf 85' lang='lat' dir='ltr'>necessitudine</span> <span class='ocrx_word' id='word_1_388' title='bbox 1461 4486 1593 4587; x_wconf 88' lang='lat' dir='ltr'>aliqua</span> <span class='ocrx_word' id='word_1_389' title='bbox 1624 4481 1857 4584; x_wconf 85' lang='lat' dir='ltr'>attingebat,</span> <span class='ocrx_word' id='word_1_390' title='bbox 1897 4484 1951 4556; x_wconf 88' lang='lat' dir='ltr'>ita</span> <span class='ocrx_word' id='word_1_391' title='bbox 1983 4483 2150 4555; x_wconf 72' lang='lat' dir='ltr'>nmxime</span> 
     </span>
     <span class='ocr_line' id='line_1_36' title="bbox 326 4595 2150 4705; baseline -0.007 -24"><span class='ocrx_word' id='word_1_392' title='bbox 326 4632 462 4682; x_wconf 88' lang='lat' dir='ltr'>manus</span> <span class='ocrx_word' id='word_1_393' title='bbox 488 4622 555 4679; x_wconf 91' lang='lat' dir='ltr'>tua</span> <span class='ocrx_word' id='word_1_394' title='bbox 576 4603 808 4705; x_wconf 87' lang='lat' dir='ltr'>putabatur;</span> <span class='ocrx_word' id='word_1_395' title='bbox 834 4600 943 4673; x_wconf 87' lang='lat' dir='ltr'>aliter</span> <span class='ocrx_word' id='word_1_396' title='bbox 967 4595 1240 4698; x_wconf 87' lang='lat' dir='ltr'>babetAquila,</span> <span class='ocrx_word' id='word_1_397' title='bbox 1265 4628 1303 4702; x_wconf 82' lang='lat' dir='ltr'>p.</span> <span class='ocrx_word' id='word_1_398' title='bbox 1340 4604 1416 4676; x_wconf 85' lang='lat'>160.</span> <span class='ocrx_word' id='word_1_399' title='bbox 1449 4604 1611 4677; x_wconf 85' lang='lat' dir='ltr'>Comites</span> <span class='ocrx_word' id='word_1_400' title='bbox 1633 4602 1692 4674; x_wconf 87' lang='lat' dir='ltr'>illi</span> <span class='ocrx_word' id='word_1_401' title='bbox 1715 4601 1854 4674; x_wconf 84' lang='lat' dir='ltr'>delecti</span> <span class='ocrx_word' id='word_1_402' title='bbox 1877 4623 2015 4674; x_wconf 87' lang='lat' dir='ltr'>manus</span> <span class='ocrx_word' id='word_1_403' title='bbox 2039 4611 2150 4672; x_wconf 87' lang='lat' dir='ltr'>erant</span> 
     </span>
     <span class='ocr_line' id='line_1_37' title="bbox 328 4715 2001 4822; baseline -0.007 -24"><span class='ocrx_word' id='word_1_404' title='bbox 328 4739 429 4800; x_wconf 82' lang='lat' dir='ltr'>tuae.</span> <span class='ocrx_word' id='word_1_405' title='bbox 461 4721 512 4798; x_wconf 82' lang='lat' dir='ltr'>Ui</span> <span class='ocrx_word' id='word_1_406' title='bbox 536 4722 711 4822; x_wconf 87' lang='lat' dir='ltr'>quisquis</span> <span class='ocrx_word' id='word_1_407' title='bbox 736 4733 773 4790; x_wconf 90' lang='lat' dir='ltr'>te</span> <span class='ocrx_word' id='word_1_408' title='bbox 780 4715 1055 4817; x_wconf 87' lang='lat' dir='ltr'>familiaritate</span> <span class='ocrx_word' id='word_1_409' title='bbox 1069 4723 1266 4818; x_wconf 85' lang='lat' dir='ltr'>attigerat,</span> <span class='ocrx_word' id='word_1_410' title='bbox 1291 4721 1346 4792; x_wconf 88' lang='lat' dir='ltr'>ita</span> <span class='ocrx_word' id='word_1_411' title='bbox 1365 4722 1530 4806; x_wconf 77' lang='lat' dir='ltr'>marinae</span> <span class='ocrx_word' id='word_1_412' title='bbox 1550 4739 1686 4790; x_wconf 86' lang='lat' dir='ltr'>manus</span> <span class='ocrx_word' id='word_1_413' title='bbox 1704 4729 1770 4789; x_wconf 89' lang='lat' dir='ltr'>tua</span> <span class='ocrx_word' id='word_1_414' title='bbox 1781 4715 2001 4815; x_wconf 85' lang='lat' dir='ltr'>putabatur.</span> 
     </span>
    </p>

    <p class='ocr_par' dir='ltr' id='par_1_4' title="bbox 327 4830 2150 5066">
     <span class='ocr_line' id='line_1_38' title="bbox 423 4830 2150 4942; baseline -0.011 -24"><span class='ocrx_word' id='word_1_415' title='bbox 423 4843 550 4918; x_wconf 88' lang='lat' dir='ltr'>Tertia</span> <span class='ocrx_word' id='word_1_416' title='bbox 574 4865 658 4942; x_wconf 89' lang='lat' dir='ltr'>pars</span> <span class='ocrx_word' id='word_1_417' title='bbox 683 4851 830 4912; x_wconf 85' lang='lat' dir='ltr'>nostrae</span> <span class='ocrx_word' id='word_1_418' title='bbox 857 4836 1114 4939; x_wconf 90' lang='lat' dir='ltr'>disputationis</span> <span class='ocrx_word' id='word_1_419' title='bbox 1140 4839 1179 4912; x_wconf 91' lang='lat' dir='ltr'>in</span> <span class='ocrx_word' id='word_1_420' title='bbox 1203 4836 1434 4938; x_wconf 90' lang='lat' dir='ltr'>depellendis</span> <span class='ocrx_word' id='word_1_421' title='bbox 1460 4832 1694 4920; x_wconf 87' lang='lat' dir='ltr'>criminibus,</span> <span class='ocrx_word' id='word_1_422' title='bbox 1723 4859 1818 4934; x_wconf 88' lang='lat' dir='ltr'>quae</span> <span class='ocrx_word' id='word_1_423' title='bbox 1847 4833 1982 4906; x_wconf 88' lang='lat' dir='ltr'>iniecta</span> <span class='ocrx_word' id='word_1_424' title='bbox 2007 4830 2150 4902; x_wconf 89' lang='lat' dir='ltr'>suntin</span> 
     </span>
     <span class='ocr_line' id='line_1_39' title="bbox 327 4946 2149 5066; baseline -0.011 -26"><span class='ocrx_word' id='word_1_425' title='bbox 327 4965 421 5066; x_wconf 86' lang='lat' dir='ltr'>ipsas</span> <span class='ocrx_word' id='word_1_426' title='bbox 446 4963 640 5048; x_wconf 91' lang='lat' dir='ltr'>orationes,</span> <span class='ocrx_word' id='word_1_427' title='bbox 668 4955 887 5033; x_wconf 83' lang='lat' dir='ltr'>versabitur.</span> <span class='ocrx_word' id='word_1_428' title='bbox 916 4953 1046 5049; x_wconf 88' lang='lat' dir='ltr'>Quum</span> <span class='ocrx_word' id='word_1_429' title='bbox 1075 4981 1165 5032; x_wconf 88' lang='lat' dir='ltr'>vero</span> <span class='ocrx_word' id='word_1_430' title='bbox 1190 4968 1267 5030; x_wconf 89' lang='lat' dir='ltr'>tam</span> <span class='ocrx_word' id='word_1_431' title='bbox 1292 4977 1448 5054; x_wconf 86' lang='lat' dir='ltr'>magnus</span> <span class='ocrx_word' id='word_1_432' title='bbox 1473 4951 1520 5026; x_wconf 88' lang='lat' dir='ltr'>sit</span> <span class='ocrx_word' id='word_1_433' title='bbox 1556 4975 1737 5030; x_wconf 84' lang='lat' dir='ltr'>numerus</span> <span class='ocrx_word' id='word_1_434' title='bbox 1771 4946 2149 5038; x_wconf 81' lang='lat' dir='ltr'>animadversionum,</span> 
     </span>
    </p>
   </div>
   <div class='ocr_carea' id='block_1_4' title="bbox 326 5155 1007 5229">
    <p class='ocr_par' dir='ltr' id='par_1_5' title="bbox 326 5155 1007 5229">
     <span class='ocr_line' id='line_1_40' title="bbox 326 5155 1007 5229; baseline -0.016 -10"><span class='ocrx_word' id='word_1_435' title='bbox 326 5166 376 5229; x_wconf 67' lang='grc' dir='ltr'>αδ)</span> <span class='ocrx_word' id='word_1_436' title='bbox 397 5161 475 5220; x_wconf 75' lang='lat' dir='ltr'>Vbi..-</span> <span class='ocrx_word' id='word_1_437' title='bbox 497 5159 584 5222; x_wconf 76' lang='lat' dir='ltr'>Wolf.</span> <span class='ocrx_word' id='word_1_438' title='bbox 606 5156 640 5211; x_wconf 85' lang='lat' dir='ltr'>ad</span> <span class='ocrx_word' id='word_1_439' title='bbox 661 5164 731 5215; x_wconf 85' lang='lat' dir='ltr'>orat.</span> <span class='ocrx_word' id='word_1_440' title='bbox 750 5173 777 5228; x_wconf 87' lang='lat' dir='ltr'>p,</span> <span class='ocrx_word' id='word_1_441' title='bbox 798 5155 891 5223; x_wconf 86' lang='lat' dir='ltr'>domo,</span> <span class='ocrx_word' id='word_1_442' title='bbox 912 5173 937 5219; x_wconf 87' lang='lat' dir='ltr'>c,</span> <span class='ocrx_word' id='word_1_443' title='bbox 959 5160 1007 5219; x_wconf 76' lang='lat'>52,</span> 
     </span>
    </p>
   </div>
   <div class='ocr_carea' id='block_1_5' title="bbox 0 0 2366 6006">
    <p class='ocr_par' dir='ltr' id='par_1_6' title="bbox 0 0 2366 6006">
     <span class='ocr_line' id='line_1_41' title="bbox 0 0 2366 6006; baseline 0 0"><span class='ocrx_word' id='word_1_444' title='bbox 0 0 2366 6006; x_wconf 95' lang='lat' dir='ltr'> </span> 
     </span>
    </p>
   </div>
  </div>
 </body>
</html>
