4724 6010
326 396 381 478 vt

326 595 513 670 orationes
538 605 750 670 constanter
772 595 887 670 elatae
912 594 1071 672 suntab
1097 595 1356 676 eruditissimis
1367 595 1468 690 viris,
1493 611 1530 674 et
1543 599 1642 676 inter
1654 609 1984 704 praestantissimas
2000 635 2147 718 semper

325 725 553 787 numeratae.
581 710 675 807 Quis
696 710 797 785 enim
820 711 976 812 putabit,
1003 715 1216 808 Lambinus,
1242 719 1429 810 Graevius,
1454 719 1642 811 Muretos,
1668 723 1875 819 Manutius,
1905 729 2144 820 Carmanios,

326 829 417 904 alios
439 829 549 918 viros,
577 828 644 929 qui
666 827 854 928 principes
870 830 910 902 in
924 829 980 904 bis
996 831 1275 910 artibusbaberi
1293 836 1424 929 solent,
1448 837 1562 912 fuisse
1577 838 1680 913 latini
1694 844 1876 918 sermonis
1894 857 1970 918 tam
1984 845 2141 946 ignaros,

327 945 375 1021 ab
401 947 599 1048 elegantiae
624 969 735 1018 sensu
759 957 836 1018 tam
860 961 1033 1039 remotos,
1059 951 1098 1024 in
1122 977 1251 1030 rerum
1275 959 1529 1032 Romanarum
1553 957 1705 1032 scientia
1729 972 1806 1032 tam
1831 959 1956 1049 rudes,
1982 961 2031 1036 ad
2055 989 2141 1063 pro·

325 1073 453 1174 prium
477 1069 641 1170 denique
665 1067 855 1142 Ciceronis
881 1069 1061 1170 loquendi
1084 1099 1201 1174 genus
1225 1075 1557 1154 internoscendum
1572 1089 1649 1150 tam
1663 1103 1797 1176 parum
1821 1092 1935 1180 aptos,
1962 1095 2005 1155 ut
2020 1083 2137 1160 infimi

320 1193 478 1269 rhetoris
504 1189 790 1264 declamationes
813 1189 1026 1280 manifestis,
1052 1204 1095 1264 ut
1118 1190 1262 1283 dicunt,
1287 1197 1386 1270 vitiis
1400 1195 1547 1296 linguae
1567 1209 1604 1269 ct
1618 1199 1886 1271 sententiarum
1899 1205 2136 1304 peccatisque

318 1315 501 1390 historicis
525 1310 747 1385 deformatas
771 1334 849 1383 non
864 1308 1119 1386 discernerent
1143 1341 1164 1386 a
1188 1316 1286 1390 veris
1310 1316 1560 1388 monumentis
1586 1318 1720 1390 summi
1747 1321 1914 1408 oratoris,
1941 1323 1982 1394 in
1998 1323 2137 1424 quibus

318 1434 483 1538 legendis
509 1446 545 1506 et
570 1430 800 1531 explicandis
823 1457 994 1534 magnam
1013 1446 1159 1534 partem
1183 1437 1310 1508 aetatis
1333 1461 1421 1508 suae
1447 1437 1755 1510 consumsissantl
1802 1440 1848 1512 ln
1873 1465 1949 1540 quo
1975 1445 2138 1520 maxime

320 1561 431 1634 etiam
454 1550 671 1626 mirandum
696 1564 759 1639 est,
783 1551 888 1651 quod
914 1553 1149 1669 Garatoniuq
1178 1581 1292 1657 quem
1304 1551 1466 1627 Wolfius
1481 1581 1601 1630 unum
1616 1558 1785 1658 inprimis
1811 1559 2001 1652 idoneum,
2028 1568 2138 1642 cuius

259 1738 261 1744 .
322 1677 522 1756 sententiae
547 1697 606 1747 res
622 1673 927 1762 committeretur,
954 1674 1183 1768 existimarit,
1214 1703 1261 1749 ne
1286 1688 1389 1748 tanto
1407 1676 1563 1776 quidem
1587 1695 1892 1778 argumentorum
1916 1711 2074 1764 numero
2100 1707 2138 1767 et

318 1797 504 1904 pondere,
530 1807 713 1896 quantum
738 1792 946 1866 attulerunt
969 1810 1215 1886 accusatores,
1243 1823 1287 1870 eo
1312 1795 1450 1870 adduci
1476 1798 1613 1898 potuit,
1641 1812 1683 1871 ut
1708 1825 1769 1872 eas
1792 1805 1999 1895 orationes,
2041 1835 2134 1909 quas

316 1923 519 1999 admiratus
553 1927 663 2006 esset,
702 1927 881 2013 tanquam
911 1912 1141 2016 eloquentiae
1168 1918 1434 1992 Ciceronianae
1465 1919 1687 2016 specimina,
1721 1935 1864 1995 mutato
1897 1923 2038 2000 iudicio
2063 1953 2134 2028 pro

316 2039 525 2118 scholastici
551 2035 810 2110 declamatoris
834 2037 1158 2112 exercitationibus
1182 2037 1345 2112 baberet.
1396 2038 1451 2112 Ne
1484 2039 1569 2138 quis
1599 2051 1724 2112 manen
1761 2039 1852 2115 baec
1877 2041 1952 2116 dici
1977 2047 2133 2122 anobis

314 2163 410 2239 forte
437 2159 657 2247 arbitretur,
694 2181 770 2257 quo
802 2156 863 2230 vel
895 2157 1086 2231 Garatonii
1119 2159 1178 2232 vel
1204 2158 1365 2232 aliorum
1395 2158 1507 2257 primi
1542 2155 1685 2231 ordinis
1709 2159 1880 2234 virorum
1905 2166 2127 2242 auctoritate

313 2309 462 2360 causam
487 2293 652 2353 nostram
678 2274 829 2350 defendi
854 2289 967 2376 atque
992 2275 1191 2354 diiudicari
1215 2276 1394 2352 velimus:
1428 2303 1561 2351 verum
1593 2275 1634 2352 id
1665 2292 1764 2352 certe
1798 2283 1947 2379 sequuti
1984 2307 2126 2377 sumus,

313 2419 425 2480 utne
452 2401 535 2502 quis
560 2424 645 2485 una,
672 2395 841 2497 quamvis
865 2420 1006 2492 magna,
1022 2396 1150 2471 Wolfii
1177 2413 1214 2472 et
1239 2425 1381 2487 eorum,
1407 2399 1473 2498 qui
1493 2397 1605 2472 buius
1619 2401 1841 2474 sententiam
1851 2401 2011 2502 amplexi
2029 2419 2128 2502 sunt,

313 2523 530 2600 auctoritate
557 2541 705 2592 causam
730 2527 896 2589 nostram
921 2514 1028 2588 obrui
1054 2517 1161 2616 posse
1186 2521 1380 2598 existimet.
1711 2597 1715 2606 ,

408 2643 500 2718 Nam
523 2640 594 2712 tria
617 2650 714 2726 sunt,
741 2663 837 2739 quae
863 2635 1151 2710 demonstranda
1175 2639 1283 2714 nobis
1308 2643 1347 2714 in
1372 2641 1441 2718 bac
1467 2643 1716 2744 disputatione
1745 2653 2025 2751 proposuimus:
2050 2658 2128 2754 pri·

310 2793 427 2854 mum,
453 2793 475 2837 a
500 2763 680 2837 Cicerone
711 2761 864 2860 scriptas
901 2773 938 2832 et
968 2759 1083 2834 editas
1109 2787 1185 2834 esse
1224 2763 1408 2836 orationes
1444 2763 1491 2838 dc
1521 2769 1745 2866 argumentis
1778 2769 1921 2865 iisdem,
1956 2801 2053 2875 quae
2085 2779 2125 2852 in

308 2891 444 2966 nostris
470 2883 699 2962 orationibus
723 2895 1015 2984 pertractantur3
1041 2882 1211 2975 alterum,
1237 2883 1325 2958 inde
1350 2885 1575 2963 aCiceronis
1599 2901 1717 2963 aetate
1740 2915 1859 2993 usque
1884 2893 1933 2967 ad
1944 2895 2124 2977 Prisciani

309 3027 458 3110 tempus
483 3020 695 3082 constanter
720 3003 767 3076 ab
793 3003 968 3078 omnibus
994 3003 1161 3076 litteratis
1200 3005 1374 3082 Romanis
1406 3007 1564 3100 easdem,
1599 3009 1647 3084 de
1682 3010 1821 3113 quibus
1856 3041 1959 3090 nunc
1991 3021 2123 3118 agitur,

295 3125 492 3200 ‘orationes
525 3147 595 3222 pro
621 3120 872 3195 Ciceronianis
898 3121 1038 3196 habitas
1061 3136 1173 3225 atque
1199 3122 1365 3200 laudatas
1391 3152 1492 3222 esse,
1517 3131 1680 3221 tertium,
1707 3133 1746 3204 in
1771 3134 1857 3234 ipsis
1892 3141 2124 3218 orationibus

308 3246 409 3325 nibil
452 3247 568 3316 inesse
599 3240 733 3314 merito
771 3243 975 3342 scriptoris,
1008 3243 1113 3343 quod
1144 3273 1166 3317 a
1198 3245 1387 3321 Ciceronis
1416 3274 1530 3321 manu
1571 3263 1608 3322 et
1640 3252 1789 3350 ingenio
1820 3257 2003 3355 proficisci
2042 3291 2121 3340 110„

313 3368 487 3474 potuerit.
543 3360 649 3456 Quae
675 3361 745 3432 tria
769 3361 797 3433 si
822 3358 982 3460 probare
1004 3364 1209 3462 contigerit,
1237 3365 1285 3437 ita
1311 3379 1353 3436 ut
1374 3366 1487 3438 simul
1511 3369 1646 3458 omnia,
1672 3395 1767 3468 quae
1793 3371 1840 3445 de
1866 3374 1998 3452 iisdem
2011 3381 2126 3458 rebus

311 3520 334 3566 a
358 3486 563 3565 contrariae
589 3507 719 3556 causae
743 3482 907 3583 patronis
934 3479 1118 3582 disputata
1142 3500 1240 3571 sunt,
1266 3481 1514 3572 infirmentur,
1540 3483 1634 3558 nibil
1666 3488 1746 3576 erit,
1777 3490 1883 3590 quod
1913 3520 2125 3591 vereamur,

308 3641 356 3689 ne
381 3610 490 3714 periti
517 3620 554 3680 et
578 3606 687 3705 aequi
714 3602 857 3676 iudices
882 3605 1034 3676 nomina
1058 3617 1095 3677 et
1119 3605 1353 3680 auctoritates
1380 3601 1603 3676 desiderent.
1733 3689 1738 3699 ,

401 3732 445 3802 In
469 3728 599 3829 primis
625 3727 737 3826 igitur
759 3737 843 3824 post
866 3722 1031 3798 reditum
1056 3723 1186 3798 litteris
1209 3723 1257 3798 ad
1281 3725 1448 3797 Atticum
1472 3721 1566 3796 datis
1592 3725 1741 3801 Senatui
1769 3729 1904 3828 gratias
1930 3759 2003 3810 ase
2020 3749 2122 3812 actas

304 3878 380 3930 esse
405 3850 534 3924 scribit
558 3849 690 3920 Cicero
716 3845 772 3918 bis
796 3845 919 3920 verbis
943 3845 1006 3940 (ad
1030 3847 1140 3920 Attic.
1168 3848 1231 3935 IV,
1265 3849 1312 3940 1):
1338 3843 1546 3933 „Postridie
1578 3847 1617 3920 in
1649 3848 1799 3938 Senatu,
1836 3854 1901 3952 qui
1935 3854 2008 3929 fuit
2039 3854 2120 3932 dies

304 3977 400 4052 Non.
428 3966 633 4071 Septembr.
660 3968 811 4040 Senatui
837 3969 970 4066 gratias
996 3969 1174 4068 egimus.“
1220 3967 1371 4041 Editam
1396 3991 1472 4038 esse
1498 3963 1594 4038 banc
1619 3969 1837 4057 orationem,
1863 3995 1938 4068 qua
1971 3970 2122 4046 Tullius

304 4093 455 4170 Senatui
480 4089 612 4190 gratias
638 4089 721 4187 egit,
748 4113 793 4159 ex
819 4111 872 4159 or.
898 4113 968 4188 pro
993 4087 1143 4162 Plancio
1171 4088 1446 4189 cognoscimus,
1473 4112 1504 4160 c.
1531 4087 1589 4160 30.
1614 4085 1741 4176 „Nihil
1772 4101 1897 4160 autem
1927 4115 1988 4162 me
2019 4092 2119 4182 novi,

303 4215 398 4290 nihil
425 4211 601 4310 temporis
627 4233 737 4281 causa
761 4205 898 4295 dicere,
925 4234 1050 4280 nonne
1074 4211 1183 4280 etiam
1208 4210 1375 4282 testisest
1399 4209 1528 4300 oratio,
1547 4233 1644 4308 quae
1669 4221 1723 4282 est
1747 4235 1847 4282 ame
1859 4209 1979 4306 prima
1993 4208 2119 4286 habita

304 4338 344 4410 iu
369 4332 533 4409 Senatui
556 4333 600 4402 In
626 4357 701 4431 qua
726 4355 846 4430 quum
870 4331 1065 4430 perpaucis
1086 4331 1306 4404 nominatim
1330 4329 1482 4429 egissem
1506 4331 1650 4430 gratias,
1677 4327 1782 4431 quod
1807 4353 1935 4401 omnes
1967 4358 2118 4407 enume-

306 4457 381 4530 rari
415 4453 520 4527 nullo
550 4451 665 4526 modo
695 4464 854 4552 possent,
891 4452 1010 4526 scelus
1042 4466 1166 4524 autem
1199 4465 1292 4524 esset
1323 4475 1552 4551 quemquam
1583 4451 1801 4550 praeteriri:
1833 4450 2115 4554 statuissemque

300 4601 363 4651 eos
388 4575 510 4648 solum
534 4575 739 4661 nominare,
766 4574 832 4673 qui
870 4597 999 4646 catrsac
1033 4586 1179 4646 nostrae
1213 4570 1327 4644 duces
1360 4585 1396 4643 et
1426 4573 1531 4671 quasi
1568 4568 1733 4669 signiferi
1772 4569 1949 4645 fuissent:
1982 4574 2021 4646 in
2058 4572 2118 4648 bis

298 4697 450 4771 Plancio
475 4696 607 4794 gratias
632 4697 697 4795 egi.
726 4695 916 4767 Recitetur
941 4694 1069 4780 oratic,
1087 4719 1182 4793 quae
1206 4705 1360 4791 propter
1382 4696 1435 4766 rci
1460 4691 1754 4792 magnitudinem
1780 4693 1879 4768 dicta
1905 4693 1952 4768 de
1977 4696 2115 4794 scripto

297 4831 363 4892 est.
386 4818 431 4888 In
457 4843 530 4917 qua
554 4841 621 4915 ego
647 4813 758 4888 bomo
783 4828 924 4890 astutus
949 4816 981 4887 ei
1006 4841 1066 4887 me
1092 4811 1287 4900 dedebam,
1315 4816 1374 4887 cui
1400 4812 1494 4886 nihil
1518 4838 1745 4920 magnopere
1766 4816 1953 4904 deberem,
1979 4826 2015 4887 et
2046 4812 2116 4888 hu-

299 4941 358 5012 ius
384 4939 476 5010 tanti
502 4938 609 5008 ollicii
636 4937 853 5008 servitutem
877 4932 1151 5033 adstringebam
1176 4933 1385 5006 testimonio
1411 4935 1672 5034 sempiterno.“
1716 4935 1819 5030 Quid
1846 4937 1947 5008 enim
1976 4928 2112 5032 signifi-

298 5067 428 5131 carent
452 5051 590 5127 verba:
616 5056 814 5126 Recitetur
840 5057 961 5126 oratio
985 5066 1023 5124 et
1047 5053 1257 5126 testimonio
1282 5053 1526 5150 senapiterno;
1569 5053 1597 5123 si
1625 5065 1878 5140 statueremus,
1913 5075 1994 5122 eam
2032 5074 2113 5121 ora-

296 5181 439 5254 tionem
463 5177 602 5251 nemini
628 5174 823 5276 legendam
848 5175 1025 5248 exstitisse
1048 5187 1311 5276 praeterquam
1337 5172 1415 5272 ipsi,
1435 5173 1500 5272 qui
1527 5198 1640 5247 manu
1665 5173 1841 5273 scriptam
1864 5172 1904 5243 in
1928 5193 2014 5242 arca
2039 5193 2114 5242 ser·
