4724 6010
304 275 432 354 XVIII

307 493 445 572 parum
467 468 573 542 vobis
599 467 786 542 cumulate
812 467 945 568 gratias
971 487 1103 566 cgero;
1139 485 1277 564 quaeso
1301 453 1563 560 obtestorque,
1595 483 1643 534 ne
1678 485 1782 536 meae
1812 471 1967 538 naturae
1992 465 2130 564 potius,

307 618 422 694 quarn
445 586 692 690 magnitudini
718 603 929 664 vestrorum
954 589 1224 665 beneficiorum
1250 589 1291 662 id
1315 585 1562 662 tribuendum
1578 591 1754 688 putetis.“
1777 589 1885 664 Idem
1900 592 2128 668 anteoculos

308 711 439 788 babuit
462 735 515 784 or.
546 709 595 782 ad
620 707 729 803 Quir.
754 721 838 808 post
863 707 955 797 red,
982 733 1014 784 c.
1045 733 1114 780 ro:
1141 709 1407 809 „Quapropter
1431 709 1650 782 memoriam
1672 712 1785 784 vestri
1806 709 1977 786 beneficii
2007 711 2128 788 colam

308 829 564 904 benevolentia
588 829 822 929 sempiterna,
849 853 925 900 non
949 828 1071 902 solum
1094 826 1187 901 dum
1204 831 1326 902 anima
1340 829 1488 930 spirabo
1507 856 1600 920 mea,
1627 833 1817 910 sedetiam
1838 859 1958 937 quum
1972 849 2124 910 mortuo

309 962 552 1026 monumenta
582 950 694 1021 vestri
727 949 766 1018 in
797 973 856 1020 me
890 945 1061 1021 beneficii
1094 948 1378 1048 permanebunt.
1436 949 1479 1022 ln
1512 951 1708 1026 reserenda
1748 967 1874 1028 autem
1904 957 2020 1054 gratia
2056 955 2127 1028 boc

308 1073 414 1149 vobis
445 1071 663 1172 repromitto
694 1093 915 1169 semperque
940 1065 1145 1167 praestabo,
1172 1067 1262 1140 mihi
1288 1095 1412 1170 neque
1439 1070 1477 1142 in
1491 1069 1653 1144 consiliis
1668 1071 1716 1146 de
1731 1073 1925 1173 republica
1938 1073 2127 1176 capiendis

310 1193 547 1294 diligentiam,
573 1215 696 1290 neque
722 1191 760 1262 in
783 1188 960 1288 periculis
985 1215 1006 1260 a
1030 1187 1223 1289 republica
1246 1188 1508 1289 propulsandis
1534 1193 1712 1280 animum,
1738 1219 1861 1294 neque
1888 1196 1927 1266 in
1946 1197 2129 1268 sententia

310 1314 526 1414 simpliciter
551 1309 748 1384 referenda
772 1308 896 1398 fidem,
921 1333 1044 1410 neque
1071 1309 1109 1381 in
1136 1308 1332 1383 bominum
1356 1309 1612 1384 voluntatibus
1637 1337 1706 1410 pro
1723 1314 1917 1414 republica
1935 1313 2128 1388 laedendis

310 1435 537 1525 libertatem,
567 1457 638 1505 nec
669 1433 707 1503 in
739 1429 964 1531 perferendo
990 1427 1116 1504 labore
1144 1429 1375 1520 industriam,
1400 1459 1471 1506 nec
1498 1433 1537 1506 in
1562 1435 1693 1507 vestris
1718 1436 1924 1511 commodis
1949 1439 2129 1538 augendis

308 1568 449 1655 gratam
470 1554 583 1626 animi
609 1551 906 1626 benevolentiam
932 1548 1147 1624 defuturam
1159 1560 1194 1622 :“
1218 1575 1339 1650 quum
1363 1565 1520 1651 poneret
1545 1555 1584 1626 in
1599 1553 1703 1626 Grat.
1723 1556 1817 1644 Act,
1835 1583 1865 1630 c.
1884 1559 1954 1630 32:
1972 1558 2130 1651 „Quum

310 1676 432 1752 anima
456 1673 645 1762 defecerit,
671 1685 913 1747 monumenta
938 1673 993 1743 tui
1021 1671 1059 1743 in
1082 1697 1142 1744 me
1167 1669 1338 1746 beneficii
1368 1671 1661 1772 permanebunt3
1696 1676 1735 1746 in
1765 1676 1964 1749 referenda
2003 1689 2128 1750 autem

309 1799 437 1900 gratia,
464 1797 689 1868 sanctissime
715 1795 942 1892 Imperator,
983 1793 1055 1866 hoc
1080 1793 1147 1864 tibi
1173 1790 1354 1891 polliceor
1391 1817 1612 1892 semperque
1639 1795 1850 1894 praestabo,
1885 1797 1974 1869 mibi
2001 1821 2124 1896 neque

309 1923 348 1992 in
374 1917 612 2018 suggerendis
637 1915 799 1988 consiliis
823 1915 1033 2004 veritatem,
1065 1939 1188 2015 neque
1222 1913 1260 1985 in
1290 1910 1490 2000 adeundis,
1532 1914 1561 1984 si
1595 1941 1652 1988 res
1682 1918 1911 2015 poposcerit,
1946 1916 2123 2015 periculis

310 2039 488 2125 animum,
513 2063 636 2137 neque
662 2039 700 2108 in
725 2037 904 2110 sententia
929 2036 1146 2136 simpliciter
1169 2031 1324 2106 ferenda
1349 2031 1481 2122 Iidem,
1514 2061 1637 2134 neque
1665 2038 1702 2107 in
1729 2035 1925 2110 bominum
1952 2038 2124 2110 volunta-

309 2155 410 2229 tibus
423 2181 492 2256 pro
510 2155 655 2256 republ.
673 2168 785 2256 teque
804 2155 995 2229 laedendis
1010 2155 1230 2242 libertatem,
1255 2177 1379 2251 neque
1395 2151 1631 2226 inlaboribus
1646 2155 1878 2254 perferendis
1889 2158 2124 2242 industriam,

309 2275 432 2376 nc'que
474 2277 512 2348 in
558 2275 734 2376 augendis
768 2278 912 2375 imperii
944 2277 1000 2348 tui
1040 2274 1246 2348 commodIs
1278 2271 1369 2372 grati
1402 2275 1515 2346 animi
1541 2273 1838 2349 benevolentiam
1875 2276 2128 2382 defuturam.“

412 2422 465 2469 11.
494 2399 654 2484 Ssnvrus,
680 2395 729 2470 ad
754 2398 854 2496 Virg.
881 2397 974 2473 Aen.
1008 2397 1108 2484 VIII,
1140 2395 1234 2490 269,
1263 2391 1483 2470 Ciceronem
1513 2411 1705 2471 auctorem
1738 2397 1884 2487 laudat,
1919 2401 1985 2498 qui
2011 2399 2049 2471 in
2073 2421 2132 2474 or.

311 2515 358 2592 de
384 2517 496 2590 domo
521 2540 598 2603 sua,
625 2515 816 2588 Pinarium
839 2515 986 2588 Nattam
1010 2511 1209 2615 appellans,
1233 2515 1286 2586 sic
1312 2512 1429 2587 dicat:
1453 2518 1603 2616 „Quem
1619 2523 1689 2616 eg'o
1705 2533 1828 2592 tamen
1853 2521 1986 2608 credo,
2013 2523 2050 2591 si
2072 2531 2129 2590 est

312 2653 420 2710 ortus
443 2635 490 2708 ab
515 2635 606 2722 illis,
632 2657 728 2736 quos
752 2639 950 2708 memoriae
972 2635 1165 2734 proditum
1189 2647 1261 2720 est,
1287 2633 1333 2705 ab
1359 2637 1440 2732 ipso
1465 2637 1649 2726 Hercule,
1671 2637 1882 2739 perfuncto
1901 2643 1975 2712 iam
1990 2639 2127 2712 labori-

311 2757 397 2845 bus,
424 2781 535 2829 sacra
560 2756 772 2828 didicisse.“
822 2753 928 2849 Quae
954 2753 1069 2826 verba
1094 2752 1272 2853 leguntur
1297 2753 1336 2824 in
1361 2778 1415 2827 or.
1444 2780 1513 2854 pro
1539 2755 1665 2846 domo,
1693 2783 1725 2832 c.
1753 2759 1810 2832 52.

415 2903 467 2948 12.
494 2879 705 2948 Purscrsnus
732 2901 751 2947 e
775 2899 853 2974 cap.
877 2900 931 2976 ¹7·
958 2875 1135 2948 orationis
1158 2899 1227 2972 pro
1253 2871 1366 2947 domo
1401 2883 1551 2976 repetit:
1579 2877 1755 2952 vobismet
1780 2884 1887 2979 Ipsis,
1905 2881 2130 2971 Pontifices,

312 2994 631 3092 lib.XlI,p.947.;
658 3019 678 3066 e
704 3017 782 3091 cap.
811 2993 844 3064 3.
872 3016 925 3064 or.
949 3017 1019 3092 pro
1044 2992 1241 3066 Marcello:
1275 2996 1505 3070 simillimum
1522 2999 1592 3072 deo
1617 3000 1760 3088 iudico,
1787 2998 1850 3072 lib.
1878 2999 1947 3092 III,
1972 3026 2009 3100 p.
2035 2999 2131 3089 605.;

313 3143 332 3189 e
372 3139 450 3212 cap.
478 3121 511 3189 ἵ.
539 3109 655 3184 eiusd.
683 3123 791 3182 orat:
820 3126 863 3182 ut
878 3115 913 3182 si
925 3115 966 3183 in
981 3111 1166 3185 alterutro
1181 3113 1417 3214 peccandum
1429 3119 1495 3204 sit,
1520 3119 1647 3192 malim
1664 3121 1832 3207 timidus,
1858 3145 1973 3222 quam
1991 3145 2131 3219 porum

309 3233 479 3337 prudens
503 3233 643 3317 videri,
670 3231 733 3302 lib.
760 3232 810 3319 V,
843 3257 878 3332 p.
903 3232 1006 3324 667.;
1032 3258 1052 3304 e
1077 3259 1156 3333 cap.
1183 3239 1237 3307 8.:
1269 3237 1434 3311 Tantum
1458 3241 1548 3314 abes
1572 3270 1596 3315 e
1617 3243 1857 3344 perfectione
1878 3247 2132 3316 maximorum

313 3379 484 3454 operum,
511 3367 554 3424 ut
568 3351 845 3448 fundamenta,
870 3377 969 3453 quae
992 3357 1153 3451 cogitas,
1179 3357 1345 3429 nondam
1370 3362 1515 3449 leceris,
1540 3359 1603 3434 lib.
1630 3363 1777 3451 XVIII,
1812 3389 1847 3462 p.
1881 3365 1983 3437 1125.

408 3472 468 3546 Ad
481 3470 547 3544 bos
560 3470 2143 3577 duodecimtesteslortassequatuoraddipossunt,Lacraurrus,Cnanrsrus,Anannns''

313 3596 574 3669 Mancsmruus
600 3604 636 3664 et
650 3591 857 3664 Macnosrus
874 3591 946 3684 24).
977 3590 1109 3686 Quum
1127 3619 1216 3668 vero
1235 3597 1360 3670 minus
1376 3612 1522 3674 certum
1532 3603 1578 3674 sit
1591 3628 1636 3674 ex
1652 3605 1818 3721 ipsorupr
1831 3605 1986 3703 scriptis,
2003 3601 2049 3675 ab
2076 3601 2132 3674 bis

314 3717 491 3789 lectitatas
506 3739 581 3786 esse
595 3737 664 3812 pro
674 3712 923 3786 Ciceronianis
932 3714 1227 3815 orationes,quas
1244 3715 1499 3794 defendimus:
1514 3747 1558 3796 eo
1573 3721 1763 3796 lubentius
1778 3721 1913 3814 'dorum
1927 3722 2133 3795 testimonia

313 3833 808 3932 silentiopraetermittimus,
823 3830 927 3930 quod
940 3835 1087 3906 muneri
1108 3836 1248 3910 anobis
1260 3855 1430 3942 suscepto
1448 3843 1536 3932 illis,
1564 3871 1659 3946 quae
1678 3847 1828 3918 recitata
1840 3859 1941 3934 sunt,
1953 3846 2037 3918 satis
2052 3843 2131 3916 lieri

312 3953 423 4053 posse'
443 3973 520 4020 non
533 3944 783 4045 desperamus.
809 3947 904 4020 Nam
917 3947 1052 4048 singuli
1066 3962 1186 4043 testes,
1201 3979 1295 4053 quos
1306 3959 1590 4051 nominavimus,
1616 3963 1666 4036 ita
1677 3963 1885 4037 succedunt
1899 3965 1995 4035 inter
2012 3986 2132 4062 seper

314 4070 490 4170 temporis
506 4066 709 4153 intervalla,
736 4080 778 4138 ut
803 4069 972 4144 notitiam
996 4073 1208 4146 orationum
1233 4091 1270 4150 et
1294 4103 1431 4151 nomen
1456 4081 1644 4180 scriptoris
1669 4085 1774 4182 quasi
1807 4110 1877 4184 per
1899 4107 2031 4155 manus
2062 4080 2131 4155 sibi

314 4188 462 4264 tradere
476 4201 635 4290 possent.
662 4186 790 4282 Quare
805 4187 878 4260 iam
892 4187 996 4260 nulla
1017 4189 1217 4268 difficultas
1231 4200 1424 4296 supererit,
1440 4201 1470 4272 si
1491 4199 1646 4300 quidem
1664 4202 1783 4302 (quod
1794 4201 1954 4277 Wolfius
1967 4227 2133 4302 pronun-

314 4316 382 4387 tiat
407 4313 446 4384 in
470 4310 586 4412 prael.
614 4311 784 4408 Merop.
810 4314 876 4407 10.)
902 4335 969 4384 nos
995 4311 1149 4388 credere
1174 4330 1319 4416 oportet
1344 4317 1522 4408 Asconiis,
1538 4319 1789 4415 Quintilianis‚
1815 4321 2135 4423 reliquisillorum

315 4449 528 4532 temporum
552 4433 798 4532 grammaticis
824 4445 860 4504 et
883 4431 1111 4526 rhetoribus,
1137 4439 1221 4510 satis
1245 4451 1432 4514 vetustum
1456 4467 1544 4530 esse,
1571 4441 1678 4543 quod
1695 4441 1741 4514 ab
1761 4442 1846 4540 ipsis
1866 4442 2040 4517 laudatur
2064 4465 2133 4542 pro

316 4564 472 4637 vetusto,
499 4564 598 4622 certe
614 4575 690 4622 non
708 4549 755 4622 ab
771 4549 989 4650 aequalibus
1003 4555 1248 4653 suppositum.
1274 4560 1368 4634 Nam
1380 4575 1526 4664 tempus
1541 4564 1690 4636 nullum
1705 4563 1802 4636 inter
1820 4589 1892 4653 eos,
1912 4566 1976 4665 qui
1993 4576 2136 4636 nostras

317 4675 501 4750 orationes
526 4695 595 4769 pro
621 4671 873 4747 Ciceronianis
898 4674 1061 4765 laudant,
1088 4679 1334 4780 relinquitur,
1360 4709 1436 4784 quo
1462 4685 1604 4785 spurias
1630 4685 1813 4757 orationes
1838 4685 1876 4756 in
1903 4686 2029 4758 Iocum
2053 4707 2137 4781 ger-

318 4818 515 4869 manarum
551 4790 724 4865 substitui
756 4795 917 4893 potuisse
951 4809 1142 4897 putemus:
1180 4801 1210 4873 si
1241 4801 1355 4875 modo
1388 4803 1500 4876 unius
1531 4815 1627 4876 aetas
1652 4800 1700 4875 ad
1726 4801 1877 4878 alterius
1900 4801 2135 4901 adiungatur,

319 5041 367 5110 24)
386 5039 450 5100 vid.
469 5043 594 5100 Lactant.
614 5039 649 5093 de
668 5055 734 5096 vero
754 5040 830 5095 cultu
851 5057 875 5100 e.
895 5041 941 5100 xl.
960 5051 989 5098 et
1001 5045 1067 5100 lust.
1086 5044 1173 5102 dlen.
1188 5045 1221 5114 V,
1236 5059 1265 5122 9,
1284 5057 1328 5108 tt.
1355 5046 1458 5108 Charis.
1473 5065 1500 5122 p.
1514 5057 1560 5112 tlt.
1579 5047 1712 5120 Ammine.
1725 5051 1781 5118 tt,
1797 5047 1824 5110 5.
1850 5049 1971 5108 Maereb.
1987 5047 2133 5114 sat.11,s.
