4724 6010
1865 371 2019 453 XXXV

143 575 149 584 '
199 583 247 654 tt
271 577 348 680 ipse
373 599 449 650 non
475 569 589 650 modo
613 569 825 674 respondet,
852 565 1037 672 quiequid
1062 581 1192 671 potest,
1220 593 1341 671 quum
1356 583 1410 644 est
1427 569 1634 664 lacessitus3
1659 563 1727 646 sed
1744 571 1855 648 etiam
1870 562 2019 675 gaudet,

201 718 239 777 te
262 700 309 776 ab
335 700 473 785 amicis,
499 693 592 797 quid
618 693 853 793 respondeat,
879 692 1112 766 admoneri.“

297 821 335 895 si
363 843 477 920 quem
502 812 665 891 offendat
691 813 727 885 b.
753 812 777 884 l.
803 811 999 911 garrulitas
1024 809 1279 912 studiumque,
1305 824 1348 884 ut
1361 811 1522 886 Wolfius
1539 810 1640 901 dicit,
1657 814 1816 888 immane
1831 816 2025 918 loquendi,

203 940 316 1016 velim
342 949 493 1038 reputet
518 962 570 1022 ea,
597 959 692 1034 quae
717 932 900 1032 praecipit
923 929 993 1003 bac
1019 928 1066 1002 de
1100 957 1141 1004 re
1169 933 1301 1026 Quint.
1326 933 1376 1021 X,
1399 955 1433 1022 a,
1460 933 1518 1024 24.
1551 955 1608 1032 sq.
1657 936 1812 1036 „Neque
1839 935 1879 1009 id
1903 939 2026 1011 statim

202 1059 336 1160 legenti
367 1081 586 1160 persuasum
616 1055 673 1141 sit,
711 1053 846 1138 omnia,
873 1073 969 1150 quae
1002 1050 1125 1150 magni
1163 1065 1332 1124 auctores
1366 1050 1547 1139 dixerint,
1581 1053 1712 1154 utique
1749 1078 1825 1126 esse
1850 1053 2025 1154 perfecta.

201 1185 296 1260 Nam
321 1193 358 1252 et
381 1178 563 1250 labuntur
586 1170 788 1272 aliquando
813 1183 851 1242 et
875 1168 979 1244 oneri
1006 1169 1158 1261 cedunt,
1189 1184 1226 1245 et
1248 1170 1446 1270 indulgent
1470 1173 1704 1270 ingeniorum
1729 1198 1885 1246 suorum
1920 1173 2027 1248 volu-

201 1305 311 1409 ptati:
338 1327 409 1375 nec
429 1323 575 1398 semper
599 1295 801 1370 intendunt
823 1296 1011 1368 animum:
1038 1317 1324 1393 nonnumquam
1347 1291 1563 1390 fatigantur:
1591 1317 1711 1392 quum
1736 1291 1906 1366 Ciceroni
1942 1295 2029 1373 dor·

201 1425 334 1498 mitare
359 1421 509 1492 interim
532 1415 811 1505 Demosthenes,
826 1415 979 1489 Horatio
1003 1439 1094 1488 vero
1120 1413 1230 1486 etiam
1246 1411 1432 1484 Homerus
1457 1411 1532 1512 ipse
1557 1411 1740 1486 videatur.
1767 1415 1909 1490 Summi
1928 1419 2029 1492 enim

207 1556 305 1634 suut,
330 1543 498 1617 homines
521 1554 647 1614 tamen
673 1549 769 1612 etc.“
1391 1607 1394 1613 .

302 1666 345 1740 C.
371 1691 406 1763 9.
432 1661 584 1760 „Quam
607 1661 782 1735 volumus
803 1661 903 1754 licet,
927 1667 1055 1740 Patres
1081 1655 1300 1754 Conscripti,
1326 1655 1395 1754 ipsi
1421 1679 1488 1728 nos
1514 1679 1700 1730 amemus:
1727 1669 1851 1729 tamen
1875 1682 2030 1731 neonu-

205 1812 311 1864 mero
336 1785 530 1884 Hispanos,
554 1808 625 1856 nec
651 1781 786 1856 robore
813 1783 951 1876 Gallos,
977 1807 1048 1856 nec
1074 1775 1273 1854 calliditate
1298 1779 1452 1864 Poenos,
1477 1801 1547 1850 nec
1584 1775 1725 1849 artibus
1758 1779 1927 1868 Graecos,
1959 1801 2033 1850 nec

207 1907 372 2007 denique
400 1904 471 1977 boc
499 1905 577 2004 ipso
603 1903 856 2004 buiusgentis
881 1929 924 1978 ac
948 1918 1069 1978 terrae
1095 1895 1299 1973 domestico
1324 1895 1526 1994 nativoque
1552 1917 1661 1967 sensu
1674 1895 1785 1968 Italos
1811 1921 1853 1969 ac
1867 1897 2030 1985 Latinos,

205 2025 271 2100 sed
295 2026 433 2126 pietate
456 2047 499 2095 ac
524 2021 702 2122 religione
727 2034 839 2121 atque
864 2017 934 2094 bac
957 2046 1032 2093 una
1056 2017 1243 2121 sapientia,
1270 2011 1375 2114 quod
1404 2012 1563 2086 deorum
1587 2015 1854 2090 immortalium
1878 2019 2033 2092 numine

214 2147 341 2222 omnia
365 2146 442 2244 regi
468 2143 747 2244 gubernarique
770 2143 1039 2242 perspeximus,
1065 2164 1192 2214 omnes
1217 2150 1342 2238 gentes
1366 2137 1610 2236 nationesque
1636 2139 1930 2238 superavimus.“

303 2267 350 2339 In
388 2277 465 2336 toto
498 2262 582 2335 loco
614 2259 777 2337 Wolfius
814 2272 852 2333 et
886 2261 1045 2335 Beckius
1077 2258 1384 2334 declamatorium
1415 2259 1534 2359 frigus
1578 2261 1759 2348 sentiunt,
1793 2285 1905 2359 quos,
1938 2264 2037 2337 scire

207 2384 332 2470 velim,
366 2381 558 2484 quomodo
606 2380 770 2456 afficiant
794 2381 1010 2456 huiusmodi
1035 2381 1252 2475 sententiae,
1286 2380 1414 2481 quales
1439 2381 1477 2452 in
1513 2378 1687 2454 omnibus
1719 2381 1834 2453 Tullii
1861 2383 2036 2456 orationi-

209 2505 281 2581 bus
307 2502 655 2604 deprehenduntur,
680 2527 750 2604 pro
776 2505 876 2582 Sext.
901 2527 933 2576 c.
966 2525 1019 2574 ιι.
1046 2501 1143 2592 „Hic
1168 2514 1251 2573 tum
1275 2503 1431 2574 Senatus
1455 2498 1645 2590 sollicitus,
1669 2525 1735 2575 vos
1761 2503 1905 2602 equites
1937 2506 2036 2578 exci-

210 2627 288 2717 tati,
314 2624 420 2699 Italia
443 2637 579 2698 cuncta
600 2637 785 2724 permota,
810 2647 940 2697 omnes
965 2621 1129 2722 denique
1160 2623 1330 2696 omnium
1361 2648 1542 2722 generum
1573 2635 1685 2723 atque
1721 2623 1901 2698 ordinum
1938 2626 2037 2701 cives

213 2769 378 2821 summae
404 2742 632 2842 reipublicae
659 2771 679 2815 a
703 2741 930 2817 Consulibus
956 2754 1068 2843 atque
1094 2773 1114 2817 a
1140 2769 1287 2818 summo
1313 2745 1472 2844 imperio
1497 2743 1703 2845 petendum
1739 2769 1815 2818 esse
1853 2746 2036 2820 auxilium

216 2863 531 2938 arbitrabantur.“
556 2875 593 2936 ct
618 2863 667 2936 ib.
695 2887 726 2935 c.
759 2863 812 2934 16.
837 2864 988 2951 „Meam
1014 2887 1162 2936 causam
1187 2866 1343 2938 Senatus
1368 2864 1500 2964 palam,
1528 2878 1700 2966 equester
1724 2863 1819 2939 ordo
1845 2869 2036 2959 acerrime,

217 3000 354 3062 cuncta
377 2985 483 3061 Italia
507 2985 671 3086 publice,
697 3009 825 3058 omnes
849 2983 938 3057 boni
965 2985 1115 3085 proprie
1141 2986 1324 3084 enixeque
1350 2995 1624 3085 susceperant.“

318 3107 359 3182 C.
385 3131 444 3180 ιο.
472 3105 605 3202 „Quid
628 3104 745 3194 affert,
772 3117 816 3179 ut
838 3117 940 3179 tanta
962 3106 1101 3194 civitas,
1125 3105 1156 3180 si
1181 3103 1301 3196 cadet,
1329 3104 1451 3205 (quod
1474 3105 1527 3180 dii
1553 3131 1663 3182 omen
1694 3107 1886 3202 obruant)
1911 3137 1932 3184 a
1955 3111 2038 3186 viro

213 3239 338 3300 tamen
364 3223 532 3298 confecta
557 3221 727 3300 videatur
736 3225 775 3296 l“

316 3347 435 3420 Omen
474 3345 636 3420 obruere
674 3347 823 3420 nonnisi
850 3345 1029 3422 hocloco
1054 3349 1251 3450 reperitur.
1278 3333 1516 3423 Sed'nemtni
1558 3375 1677 3449 usque
1709 3349 1758 3424 ad
1790 3350 1861 3425 hoc
1895 3363 2041 3451 tempus

217 3469 296 3542 risa
321 3479 375 3541 est
399 3466 494 3540 iusta
518 3466 737 3567 suspicionis
763 3493 882 3557 causa,
909 3467 1014 3569 quod
1039 3470 1153 3543 semel
1167 3467 1322 3570 aliquid
1347 3468 1543 3570 legeretur,
1557 3496 1679 3572 quum
1701 3497 1772 3572 per
1795 3497 1833 3545 se
1857 3498 1934 3546 non
1957 3497 2042 3574 pos-

217 3599 275 3662 set
299 3586 513 3688 improbari.
540 3589 585 3660 ln
607 3588 692 3688 ipsis
717 3601 843 3662 autem
865 3589 1001 3678 verbis,
1027 3615 1134 3664 omen
1160 3603 1197 3662 et
1222 3591 1501 3681 obruere,nibil
1527 3606 1590 3684 est,
1607 3592 1711 3693 quod
1735 3606 1886 3693 respuat
1910 3619 2043 3668 eorum

218 3705 452 3798 iuncturam3
477 3730 600 3807 neque
627 3707 783 3780 concedi
807 3721 938 3807 potest,
965 3709 1070 3809 quod
1094 3709 1255 3786 Wolfius
1281 3711 1452 3802 affirmat,
1478 3738 1599 3787 unum
1619 3713 1810 3788 avertendi
1826 3713 1987 3788 verbum
2003 3715 2043 3787 in

220 3823 290 3899 bae
315 3824 478 3899 formula
502 3825 729 3927 deprecandi
755 3828 896 3902 Latinis
921 3831 1099 3905 usitatum
1120 3853 1209 3904 esse.
1231 3829 1326 3906 Nam
1350 3832 1445 3906 Phil.
1473 3834 1537 3925 Iv,
1562 3833 1598 3927 4
1623 3834 1772 3909 Tullius
1807 3832 1910 3924 dicit,
1943 3837 2043 3910 dete-

221 3945 375 4018 stamini
397 3968 539 4043 quaeso
563 3944 633 4018 lzoe
658 3969 776 4018 omen

319 4061 434 4152 04
387 4087 446 4133 2.
413 4060 604 4156 4,,ουἰά
630 4065 842 4139 existimatis
867 4086 965 4157 eum,
992 4067 1021 4142 si
1047 4067 1249 4143 reditus
1217 4093 1250 4143 er
1275 4069 1415 4172 gratiae
1437 4039 1613 4172 potuerit,
1639 4093 1716 4144 esse
1751 4067 1951 4168 facturum,
1977 4071 2044 4172 qui

225 4196 302 4257 tam
326 4183 521 4257 libenter
512 4207 551 4254 ιιι
577 4183 790 4283 opinionem
816 4185 953 4287 gratiae
979 4187 1167 4287 irrepatl“

320 4298 498 4371 Reditum
521 4303 671 4396 gratiae
696 4298 941 4375 Marklandus
965 4305 1109 4405 accepit
1132 4332 1202 4408 pro
1227 4311 1353 4386 reditu
1378 4317 1419 4387 in
1443 4317 1623 4414 gratiam,
1649 4330 1761 4417 atque
1785 4313 1915 4390 falsam
1945 4318 2046 4392 Lati·

220 4421 375 4494 nitatem
400 4445 476 4494 esse
501 4420 690 4495 iudicavit.
715 4422 870 4515 Dubito,
896 4451 943 4496 aa
967 4425 1036 4497 illo
1062 4451 1172 4502 sensu
1196 4445 1347 4534 accepta
1372 4431 1523 4509 defendi
1549 4449 1671 4538 posset
1693 4438 1877 4538 loquutio,
1900 4442 2046 4519 reditus

221 4546 386 4639 gratioe,
413 4544 600 4644 exemplis,
628 4543 753 4644 qualia
778 4559 866 4618 sunt
889 4571 959 4647 pro
988 4546 1121 4639 Aren,
1149 4575 1180 4625 c.
1213 4573 1267 4630 10.
1298 4554 1530 4643 „maximum
1564 4570 1601 4630 et
1624 4559 1883 4657 periculorum
1919 4565 2049 4642 incita·

222 4673 394 4736 mentum
418 4672 456 4735 et
479 4661 725 4755 laborum,“
715 4693 754 4738 ιιι
778 4667 919 4758 Pison„
943 4691 975 4739 c.
1007 4693 1036 4738 ι.
1056 4695 1178 4770 „quae
1204 4673 1250 4745 sit
1274 4671 1470 4750 hominum
1502 4676 1656 4777 querela
1679 4677 1813 4754 frontis
1838 4694 1960 4778 tuae,“
2001 4682 2048 4758 de

223 4779 385 4869 Amicit„
412 4805 444 4854 c.
470 4781 528 4855 25.
554 4785 763 4874 „iudicium
788 4785 905 4860 verif‘
941 4788 1001 4862 Ex
1033 4791 1274 4889 sequentibus
1304 4819 1405 4884 vcro,
1432 4800 1474 4870 in
1511 4802 1724 4900 opinionem
1747 4807 1912 4900 gratiae,
1945 4803 2054 4878 aliter

224 4873 486 5004 aecipiendilin
512 4929 588 4980 esse
613 4907 830 5008 colligimus
855 4909 950 4984 Nam
974 4915 1144 5012 opinioni
1165 4917 1330 5012 gratiae,
1362 4938 1429 4988 seu
1467 4916 1661 4992 redeuntis
1699 4925 1849 5018 gratiae
1881 4927 2051 5023 opinioni

226 5025 430 5124 opponitur
451 5041 587 5126 patens
610 5041 676 5100 aut
696 5045 829 5104 certus
853 5037 1002 5132 gratiae
1034 5034 1196 5122 reditus,
1235 5047 1278 5107 ut
1311 5039 1461 5134 gratiae
1493 5039 1541 5112 sit
1570 5040 1763 5140 genitivus,
1799 5041 1865 5142 qui
1898 5041 2048 5132 dicitur,

227 5143 465 5222 subiectivus.
493 5150 548 5222 Ita
574 5149 686 5224 etiam
711 5149 900 5228 Gesnerus
925 5151 1027 5230 bunc
1052 5151 1179 5231 locum
1200 5154 1379 5260 explicat,
1420 5157 1487 5258 qui
1525 5156 1636 5236 dicit:
1675 5162 1870 5254 „aeditus
1901 5165 2050 5263 gratiae
