4724 6010
350 341 520 420 XXXVI
784 369 833 477 θ
886 369 934 428 ἐ.

2277 75 2328 558 l

347 531 520 612 nondum
544 535 631 610 alias
655 535 838 622 inventus,
864 531 931 608 sed
955 559 1004 608 nn
1028 533 1116 608 ideo
1138 558 1217 610 non
1242 535 1365 636 potuit
1390 561 1412 610 a
1438 533 1619 612 Cicerone
1643 537 1754 640 ponii
1777 541 1910 618 Nonne
1934 547 2038 647 apud
2059 549 2199 628 Hora·
2327 563 2328 600 ³

347 659 444 730 tium
465 661 601 842 prisca2
621 655 720 728 redit
743 653 911 732 Venus?
933 653 1065 729 Nonne
1091 659 1219 754 gratia
1243 655 1306 732 hic
1331 669 1385 732 est
1409 670 1564 734 mutuus
1590 686 1705 754 amor,
1736 665 1849 740 ,cuius
1880 665 2025 744 reditus
2055 685 2178 771 potest

349 772 580 848 intercedere
602 782 625 814 “

446 895 485 964 G.
512 918 571 994 27.
595 890 718 985 „Quis
741 892 866 967 minus
891 915 1072 994 umquam
1095 893 1264 994 pepercit
1288 895 1454 974 hostium
1478 902 1617 996 castris,
1645 929 1761 1006 quam
1785 906 1850 982 ille
1881 909 2057 986 omnibus
2084 937 2166 992 cor·
2206 907 2215 918 '

346 1015 447 1113 poris
473 1014 530 1086 sui
552 1009 764 1111 partibusl‘

444 1129 605 1207 Wolfius
631 1130 903 1225 animadvertit,
930 1133 1048 1232 ipsam
1072 1129 1359 1208 similitudinem
1384 1132 1587 1212 absurdam
1612 1161 1703 1230 esse,
1728 1167 1800 1216 nec
1823 1143 1933 1219 valdo
1963 1169 2171 1221 accommo-

347 1249 477 1326 datum
518 1249 679 1326 verbum
720 1251 929 1351 parcendi,
976 1249 1197 1351 nullamque
1252 1253 1406 1331 laudem
1441 1280 1545 1346 esse,
1574 1281 1737 1358 parcere
1775 1268 1947 1360 corporis
1996 1265 2173 1365 partibus

346 1371 528 1444 omnibus.
559 1371 680 1446 lmmo
706 1373 925 1470 ignavorum
950 1370 1022 1446 boc
1047 1397 1125 1446 esse
1156 1387 1291 1463 censet,
1335 1387 1373 1450 et
1406 1401 1557 1452 omnem
1587 1376 1757 1478 laborem
1787 1377 2087 1458 detrectantium.
2124 1388 2175 1459 At

347 1518 469 1566 sermo
496 1505 550 1564 est
575 1488 622 1562 de
649 1489 798 1563 bomine
825 1492 864 1563 in
889 1493 1026 1592 stupris
1052 1490 1229 1568 inauditis
1252 1495 1480 1598 nefariisque
1504 1511 1660 1590 versato,
1675 1503 1742 1603 qui
1766 1482 1985 1580 scurrarum
2007 1505 2174 1608 locuple·

345 1613 441 1686 tium
466 1625 642 1702 scortum,
657 1611 793 1685 sororis
817 1610 967 1686 adulter
991 1625 1029 1685 et
1052 1624 1270 1713 stuprorum
1294 1612 1646 1707 sacerdosvocatur,
1659 1644 1729 1720 pro
1744 1621 1857 1712 Sext,
1883 1646 1916 1697 c.
1947 1647 2022 1726 17.;
2046 1651 2170 1726 neque

347 1733 421 1806 iam
447 1731 609 1805 dubium
635 1733 716 1821 erit,
743 1731 881 1833 quibus
906 1734 1069 1806 maxime
1095 1734 1262 1834 corporis
1286 1733 1343 1807 sui
1369 1733 1538 1832 partibus
1564 1737 1632 1811 iste
1656 1761 1734 1814 non
1768 1745 1989 1844 pepercerit.
2033 1746 2173 1822 Utrum

344 1875 434 1927 sero
460 1854 690 1953 ignavorum,
718 1879 765 1926 an
790 1851 947 1928 fortium
970 1854 1141 1928 virorum
1166 1853 1223 1943 sit,
1247 1854 1417 1955 partibus
1442 1855 1513 1930 illis
1538 1884 1692 1960 parcere
1718 1873 1755 1935 et
1779 1867 1948 1966 corporis
1977 1869 2173 1946 sanitatem

344 2000 422 2049 non
443 1975 639 2050 debilitare
663 1976 801 2076 stupris
826 1974 1090 2063 immoderatis,
1115 1974 1157 2049 id
1182 1977 1342 2078 quisque
1365 2002 1434 2076 per
1458 2001 1496 2052 se
1521 1977 1697 2054 facillime
1723 1979 1955 2058 diiudicabit
2034 2007 2036 2012 ·

439 2097 484 2172 V.
512 2095 694 2190 Quintam
720 2100 936 2184 orationem,
963 2118 1032 2193 pro
1057 2091 1483 2187 llLMarcello,Bcckius
1506 2119 1583 2168 non
1608 2100 1807 2188 recensuit,
1821 2115 1864 2176 ut
1887 2129 2000 2206 supra
2025 2107 2171 2185 dictum

344 2229 408 2292 cst.
436 2216 564 2312 Quare
589 2242 666 2290 non
691 2216 778 2290 licet
802 2214 911 2289 nobis
935 2212 1067 2288 eadem
1091 2214 1150 2288 via
1175 2226 1213 2288 et
1236 2215 1390 2303 ratione,
1415 2240 1491 2315 qua
1517 2214 1680 2316 reliquas
1710 2219 1895 2294 orationes
1919 2219 2168 2314 defendimus,

343 2336 441 2414 hanc
467 2363 620 2440 quoque
645 2337 692 2412 ab
719 2322 863 2410 iniectis
888 2336 1108 2410 criminibus
1133 2335 1304 2408 liberare.
1330 2332 1406 2407 Sed
1430 2333 1584 2433 Hugius,
1613 2356 1650 2405 v.
1678 2334 1743 2429 cl,
1770 2349 1934 2436 quatuor
1956 2338 2168 2438 primorum

343 2462 507 2561 capitum
531 2462 758 2562 suspiciones
779 2459 890 2534 simili
917 2459 1073 2534 consilio
1097 2456 1274 2546 dissolvit,
1300 2467 1344 2527 ut
1366 2452 1576 2544 scilicet,ex
1602 2453 1675 2527 illis
1696 2455 1913 2532 coniectura
1938 2454 1987 2532 de
2011 2459 2167 2560 reliquis

341 2579 448 2672 facta,
473 2607 601 2656 omnes
632 2584 917 2673 criminationes,
952 2581 1089 2682 quibus
1120 2591 1197 2653 tota
1235 2577 1352 2648 oratio
1387 2587 1636 2675 premeretur,
1677 2574 1786 2653 falsas
1823 2604 1900 2654 esse
1940 2581 2165 2658 ostenderet.

342 2701 458 2776 Cuius
483 2703 644 2774 rationes
670 2713 707 2774 et
731 2711 950 2800 argumenta
975 2723 1095 2798 quum
1121 2722 1143 2768 a
1172 2695 1334 2792 nemine,
1372 2694 1477 2798 quod
1508 2697 1632 2787 sciam,
1666 2695 1790 2774 adhuc
1831 2700 2038 2801 improbata
2078 2705 2166 2794 sint,

341 2823 641 2924 antiquissimum
665 2821 775 2896 nobis
798 2819 961 2910 ridetur,
993 2820 1073 2894 eius
1105 2817 1244 2903 auxilio
1277 2817 1344 2906 uti,
1382 2829 1420 2889 et
1448 2815 1605 2890 lectores
1634 2814 1847 2908 benevolos,
1878 2820 1908 2894 ei
1939 2844 2033 2922 quos
2062 2824 2165 2898 nacti

341 2944 466 3031 simus,
494 2968 636 3046 rogare,
663 2956 706 3016 ut
729 2941 1029 3016 lucubrationem
1055 2941 1102 3016 ab
1128 2965 1172 3016 eo
1199 2938 1410 3016 doctissime
1434 2937 1611 3037 scriptam
1633 2940 1739 3040 quasi
1771 2963 1841 3040 pro
1866 2953 1969 3038 parte
2001 2939 2166 3040 quadam

341 3060 453 3135 huius
487 3062 744 3162 disputationis
777 3063 898 3163 legere
922 3087 1000 3134 non
1022 3073 1205 3158 recusent
1260 3056 1432 3155 Quodsi
1459 3057 1673 3132 enimcum
1707 3057 1771 3132 illa
1794 3060 1946 3161 quintae
1985 3062 2163 3138 orationis

341 3179 555 3254 defensione
581 3183 834 3255 annotationes
859 3195 1005 3256 nostrae
1027 3182 1067 3254 in
1091 3193 1255 3283 quatuor
1276 3180 1420 3280 priores
1446 3179 1652 3277 comparari
1668 3179 1820 3277 possint,
1841 3179 1937 3254 bene
1958 3205 2162 3282 speramus,

340 3301 420 3378 sore
447 3313 489 3374 ut
513 3325 652 3393 omnes,
679 3325 789 3376 causa
813 3301 982 3402 religiose
1008 3299 1180 3393 iudicata,
1208 3301 1260 3376 Μ.
1288 3299 1415 3374 Tullio
1439 3297 1611 3376 Ciceroni
1636 3297 1887 3376 restituendae
1911 3300 2122 3380 videantur.
