4724 6010
1896 381 2007 458 XVII

7 591 36 678 J
185 599 314 687 atque,
342 599 388 658 ut
414 580 510 671 dixi,
545 576 624 654 ridi
643 573 753 678 plane
778 575 914 648 virum.
967 575 1098 674 Itaque
1124 596 1245 672 quum
1271 596 1358 661 eum
1381 584 1488 644 antea
1512 573 1567 646 tui
1594 573 1814 673 (Ciceronis)
1847 575 2008 650 similem

58 709 74 752 ⁰
185 704 224 776 in
246 698 412 775 dicendo
439 695 618 783 viderim,
644 705 727 765 tum
749 715 840 763 vero
865 715 967 763 nunc
992 717 1012 761 a
1037 691 1250 768 doctissimo
1275 693 1368 780 viro,
1392 691 1557 792 tibique,
1584 704 1627 765 ut
1651 691 1836 782 intellexi,
1862 693 2007 767 amicis-

7 907 16 924 „
71 833 78 869 '¹
185 819 291 908 simo,
317 817 509 917 Cratippo,
532 814 758 888 instructum
783 810 885 884 omni
912 811 1029 911 copia,
1055 810 1175 887 multo
1201 808 1377 884 videbam
1400 809 1656 882 similiorem.“

65 929 66 936 '
281 935 318 1008 6.
346 935 421 1006 Dro
448 931 596 1006 Cassius
621 927 822 1002 memoriae
847 925 975 1027 prodit
1000 927 1065 1002 lib.
1092 927 1278 1017 XXXIX,
1305 952 1337 1001 1.
1363 951 1418 1024 9.,
1445 952 1638 1002 reversum
1664 953 1740 1004 esse
1766 933 1923 1006 Romam
1950 932 2011 1008 Ci-

7 1033 8 1040 *
57 1042 69 1118 ¹·
186 1080 376 1146 ceronam,
401 1053 574 1154 factaque
598 1049 669 1124 sibi
694 1077 716 1122 a
741 1048 969 1123 Consulibus
993 1062 1192 1150 potestate,
1224 1050 1376 1122 Senatui
1410 1051 1448 1122 in
1482 1051 1587 1124 curia
1617 1051 1833 1153 populoque
1860 1055 1900 1126 in
1925 1080 2013 1130 con-

56 1195 65 1224 t
184 1182 294 1258 110111
334 1181 469 1281 gratias
499 1177 624 1278 egisse.
682 1171 790 1248 Idem
830 1173 986 1246 actionis
1011 1197 1083 1272 pro
1116 1173 1230 1248 domo
1262 1173 1312 1248 ad
1336 1174 1533 1248 Pontifices
1564 1177 1794 1249 mentionem
1823 1174 1913 1250 facit
1945 1175 2010 1250 lib.

7 1289 66 1360 ‘ll
186 1297 381 1386 XXXIX,
416 1319 447 1368 1.
480 1319 534 1366 11.
583 1293 744 1382 „Cicero
768 1293 883 1394 igitur
907 1290 1033 1366 denuo
1059 1291 1230 1391 reviguit,
1254 1303 1291 1364 et
1315 1317 1390 1364 non
1415 1291 1530 1367 modo
1556 1308 1696 1368 ceteras
1721 1293 1891 1371 fortunas
1916 1323 2011 1388 suas,

187 1413 259 1488 ssd
284 1439 408 1488 aream
432 1434 585 1514 quoque
611 1410 763 1486 aedium
787 1436 942 1488 suarum
967 1415 1225 1516 recuperarit;
1256 1412 1425 1512 quamvis
1460 1439 1502 1484 ea
1526 1410 1689 1484 libertati
1715 1409 1886 1486 dedicata
1919 1427 2013 1488 esset

42 1532 64 1604 ³¹.
188 1545 227 1606 et
251 1543 476 1607 consecrata.
526 1526 595 1603 Ille
622 1529 722 1602 enim
744 1528 864 1628 legem
888 1533 1080 1619 curiatam,
1108 1554 1184 1630 quo
1198 1527 1353 1603 Clodius
1373 1525 1423 1601 ad
1442 1526 1592 1628 plebem
1608 1525 1806 1627 adoptione
1819 1528 2015 1606 traductus

19 1653 62 1726 ⁰1²³.
187 1665 279 1743 erat,
307 1649 607 1753 reprehendens,
640 1649 746 1751 quod
783 1678 829 1726 ex
865 1655 1033 1730 instituto
1066 1655 1254 1728 maiorum
1283 1675 1352 1752 per
1380 1649 1647 1723 trinundinum
1679 1650 1912 1750 promulgata
1936 1677 2014 1728 non

186 1772 336 1861 fuisset,
377 1795 528 1846 omnem
554 1769 632 1840 eius
657 1767 909 1859 tribunatum,
943 1771 982 1844 in
1016 1797 1092 1874 quo
1119 1775 1166 1850 de
1193 1772 1307 1848 domo
1333 1773 1594 1860 constituerat,
1627 1773 1779 1864 evertit3
1813 1771 2015 1866 affirmans,

45 1929 57 1961 r
187 1892 285 1969 nibil
311 1892 358 1966 ab
384 1917 428 1964 eo
455 1889 627 1962 Tribuno
651 1887 703 1987 pl.
728 1889 810 1962 iure
835 1888 916 1965 fieri
942 1895 1115 1991 potuisse,
1142 1896 1208 1994 qui
1234 1895 1313 1995 ipse
1339 1905 1469 1966 contra
1495 1894 1552 1966 ius
1576 1891 1625 1966 ad
1642 1890 1792 1992 plebem
1804 1895 2014 1968 transisset:

191 2027 307 2114 atque
333 2015 383 2086 ita
408 2009 652 2086 Pontificibus
677 2013 869 2109 persuasit,
896 2025 939 2085 ut
962 2013 1032 2086 sibi
1058 2041 1193 2103 aream,
1220 2038 1317 2114 quae
1343 2011 1389 2084 ab
1415 2013 1515 2084 omni
1543 2010 1719 2112 religione
1735 2039 1852 2095 sacua
1870 2028 1907 2087 et
1922 2041 2018 2115 pura

192 2149 299 2226 esset,
324 2133 595 2208 adiudicarent
645 2133 707 2208 Sic
733 2132 865 2208 Cicero
891 2147 928 2207 et
952 2161 1078 2210 aream
1103 2135 1238 2210 domus
1263 2158 1350 2207 suae
1376 2145 1413 2205 et
1437 2135 1614 2233 pecunias
1640 2133 1889 2208 instaurandis
1914 2135 2015 2208 aedi-

189 2254 263 2332 bus
278 2257 485 2358 ceterisque
497 2255 572 2328 suis
589 2254 841 2344 facultatibus,
868 2256 1006 2356 quibus
1018 2254 1201 2329 damnum
1221 2253 1371 2328 illatum
1387 2267 1477 2343 erat,
1504 2253 1721 2354 reparandis
1738 2254 1894 2356 adeptus
1916 2265 2009 2330 est.“

292 2403 326 2480 7.
352 2376 711 2466 Aournallonunus,
738 2376 802 2476 qui
829 2374 971 2450 librum
996 2375 1043 2450 de
1068 2375 1197 2475 figuris
1221 2367 1498 2450 sententiarum
1516 2389 1553 2448 et
1578 2375 1830 2476 eloquutionis
1854 2377 2011 2477 scripsit,

191 2521 230 2595 p.
263 2493 341 2592 ¹49·
391 2491 540 2566 Rulsnk.
566 2492 727 2566 referte
752 2519 832 2595 cap.
865 2495 918 2568 13.
944 2521 998 2568 01.
1025 2520 1095 2594 pro
1122 2494 1253 2570 domo:
1284 2496 1452 2572 Videsne
1477 2519 1535 2566 me
1559 2517 1636 2566 nou
1656 2493 1842 2566 radicitus
1859 2495 2015 2568 evellere

192 2626 315 2688 totum
339 2613 597 2687 tribunatum?
621 2627 658 2688 et
680 2641 760 2716 pag.
792 2617 869 2688 160.
895 2641 1019 2716 ecap.
1046 2625 1079 2695 5.
1106 2615 1273 2690 eiusdem
1299 2616 1490 2690 orationis:
1526 2616 1623 2714 Quis
1654 2628 1711 2688 est
1741 2617 1813 2688 iste
1842 2613 2014 2688 Lollius?

193 2737 378 2834 Armiger
404 2736 601 2827 Catilinae,
625 2741 787 2838 stipator
812 2741 872 2810 tui
895 2741 1067 2839 corporis
1079 2795 1090 2830 ,
1117 2743 1329 2814 concitator
1353 2737 1681 2824 tabernariorum,
1705 2760 1934 2836 percussor,
1962 2737 2017 2810 la-

193 2868 318 2927 trator
329 2852 437 2954 fori,
462 2856 711 2956 depopulator
735 2861 879 2932 curiae.

292 2979 327 3050 8.
353 2977 546 3067 Annoarus,
562 2977 646 3052 adr.
663 2983 769 3052 Gent.
784 2981 855 3068 lv,
879 3004 916 3080 p.
950 2977 1026 3067 118.
1042 2978 1145 3074 (edit.
1167 2981 1321 3058 Heraldi
1347 3009 1383 3081 p.
1409 2985 1500 3080 186.)
1524 2983 1594 3075 „In
1618 2983 1863 3075 cerimoniis“,
1883 2981 2019 3084 inquit,

193 3097 349 3185 „vestris
360 3097 547 3199 rebusque
557 3097 692 3174 divinis
700 3100 973 3202 postulionibus
984 3099 1087 3174 locus
1100 3103 1347 3203 est,etpiaculi
1357 3101 1497 3178 dicitur
1505 3117 1694 3179 conuecta
1706 3129 1782 3178 esse
1797 3103 2018 3192 commissio,

194 3218 226 3290 11
241 3243 310 3318 per
326 3217 601 3318 imprudentiae
621 3221 767 3322 lapsum
786 3236 852 3299 aut
866 3223 907 3296 in
918 3220 1034 3296 verbo
1061 3224 1244 3324 quispiam
1258 3238 1323 3298 aut
1336 3226 1520 3326 simpuvio
1534 3225 1720 3301 deerravit
1729 3283 1741 3316 ,
1768 3239 1833 3300 aut
1843 3229 1873 3300 si
1888 3251 2021 3300 rursus

194 3343 235 3416 in
247 3340 490 3416 sollemnibus
506 3342 605 3418 ludis
613 3347 906 3449 curriculisque:
923 3345 1161 3422 commissum
1173 3369 1300 3418 omnes
1314 3347 1485 3420 statimin
1500 3346 1694 3446 religiones
1709 3346 1874 3420 clamatis
1886 3370 2018 3434 sacras,

197 3465 234 3536 si
258 3463 388 3536 ludius
412 3465 596 3553 constitit,
618 3479 688 3538 aut
712 3467 852 3542 tibicen
877 3481 1031 3568 repente
1057 3467 1268 3554 conticuit;
1294 3479 1363 3536 aut
1386 3467 1422 3536 si
1441 3466 1631 3566 patrimus
1656 3465 1720 3538 ille
1744 3468 1813 3566 qui
1825 3467 2020 3538 vocitatur

195 3607 298 3682 puer
322 3585 445 3655 ornisit
453 3609 525 3683 per
540 3589 796 3682 ignorantiam
810 3587 949 3675 lorum,
963 3601 1033 3660 aut
1045 3599 1185 3659 terram
1199 3598 1327 3657 tenere
1340 3607 1417 3656 mon
1426 3587 1589 3683 potuit.“
1613 3583 1657 3655 In
1671 3582 1807 3683 quibus
1821 3582 2016 3656 manifesto
2114 3683 2115 3686 Ἴ

197 3701 362 3776 imitatus
387 3717 442 3776 est
466 3729 520 3780 or.
546 3703 594 3780 de
619 3707 779 3808 Harusp.
806 3731 902 3808 resp.
929 3731 961 3780 c.
993 3731 1047 3778 11.
1084 3704 1181 3799 „An
1206 3705 1236 3778 si
1263 3703 1390 3778 ludius
1415 3705 1589 3797 constitit,
1614 3717 1680 3778 aut
1703 3705 1843 3778 tibicen
1868 3718 2020 3805 repente

200 3821 401 3912 1011111111,
426 3838 491 3899 aut
515 3852 612 3926 puer
634 3826 698 3902 ille
724 3829 906 3929 patrimus
931 3841 968 3902 et
990 3827 1186 3900 matrimus
1211 3824 1240 3898 si
1265 3835 1406 3897 terram
1430 3849 1506 3898 non
1531 3825 1668 3914 tenuit,
1699 3836 1765 3896 aut
1789 3835 1933 3897 tensam
1957 3835 2023 3897 aut

198 3940 325 4016 lorum
350 3943 483 4036 omisit,
509 3961 575 4021 aut
597 3949 628 4024 si
652 3949 794 4024 Aedilis
818 3949 935 4025 verbo
949 3961 1017 4022 aut
1030 3946 1191 4049 simpulo
1208 3943 1404 4034 aberravit,
1431 3944 1509 4017 ludi
1526 3956 1615 4016 sunt
1627 3968 1704 4016 non
1715 3944 1785 4016 rite
1803 3941 1936 4017 111111α

294 4089 329 4164 9.
358 4070 590 4157 Runnrasus,
616 4069 655 4142 in
681 4069 779 4144 libro
805 4070 852 4145 de
877 4069 1006 4172 figuris
1032 4067 1300 4144 sententiarum
1325 4077 1362 4138 et
1387 4062 1651 4163 eloquutionis,
1677 4087 1723 4135 ex
1737 4087 1791 4136 or.
1808 4086 1878 4163 pro
1893 4060 2018 4152 domo,

199 4211 232 4262 1.
257 4211 292 4286 9.
320 4201 401 4264 111.
424 4193 477 4264 18.
503 4193 672 4292 Aporiae
696 4205 734 4264 et
758 4191 952 4266 Sarcasmi
976 4189 1146 4291 exempla
1170 4185 1287 4275 affert,
1314 4181 1474 4255 alterum
1497 4206 1534 4280 p.
1563 4183 1646 4254 203.
1676 4181 1764 4255 Tibi
1781 4181 1929 4254 litteras
1949 4182 2015 4255 ille

200 4305 325 4380 misit?
347 4307 473 4411 quas?
498 4312 790 4413 Autnunquam
812 4315 930 4400 misit,
956 4314 1084 4385 autri
1108 4311 1224 4392 misit,
1250 4307 1290 4377 in
1317 4304 1498 4375 concione
1524 4305 1683 4374 recitari
1706 4300 1839 4375 uoluit.
1885 4301 2022 4404 Itaque

201 4427 278 4498 sire
301 4426 365 4500 ille
390 4434 506 4518 misit,¹
532 4435 608 4505 sire
634 4447 677 4504 tu
698 4432 919 4534 protulisti:
947 4446 1049 4506 certe
1074 4428 1274 4504 consilium
1299 4438 1409 4496 tuum
1434 4424 1480 4497 de
1504 4421 1646 4497 bonore
1663 4421 1818 4496 Catonis
1835 4421 2022 4497 nudatum

200 4560 276 4637 est;
301 4546 461 4625 alterum
488 4579 524 4653 p.
550 4578 634 4628 200.
685 4553 806 4628 Sexte
832 4567 977 4641 noster,
1002 4555 1183 4653 quoniam
1206 4551 1319 4624 etiam
1345 4550 1434 4620 iura
1459 4545 1631 4643 ligurrit.

302 4689 356 4739 10.
373 4666 437 4740 Cn.
455 4671 710 4764 Mannarrnus,
727 4699 848 4772 quum
873 4671 1053 4748 scriberet
1079 4671 1183 4746 Grat
1210 4669 1294 4742 Act.
1321 4665 1370 4742 ad
1384 4665 1515 4738 Iulian.
1529 4687 1560 4737 c.
1576 4663 1636 4737 31.
1650 4663 1785 4754 „Nunc
1803 4664 1833 4737 si
1848 4663 1929 4758 tibi,
1950 4666 2024 4739 Im-

201 4800 369 4886 perator,
396 4813 532 4888 parum
556 4793 679 4894 ampla
702 4818 774 4867 nec
797 4792 1046 4894 respondente
1075 4791 1218 4868 meritis
1252 4789 1327 4863 tuis
1356 4785 1523 4862 oratione
1557 4809 1646 4858 usas
1676 4784 1851 4877 videbor,
1885 4809 2021 4886 quaeso

204 4905 445 5007 obtestorque
469 4921 523 4998 te,
556 4937 727 4988 nemeae
752 4913 793 4989 id
815 4928 970 4989 naturae
994 4916 1130 5014 potius,
1156 4939 1270 5016 quam
1296 4908 1544 5011 magnitudin*
1573 4907 1841 4982 beneficiorum
1864 4919 2021 4978 tuorum

202 5039 311 5126 putes
337 5055 414 5104 esse
440 5031 731 5110 tribuendum:“
754 5053 879 5138 aperte
904 5063 1049 5112 memor
1072 5036 1145 5111 fuit
1158 5062 1212 5111 or.
1221 5047 1304 5136 post
1317 5032 1396 5109 red.
1407 5033 1445 5107 in
1460 5031 1557 5122 Ser,
1576 5031 1673 5106 init:
1698 5029 1773 5120 „Si
1784 5031 1909 5101 Patres
1923 5025 2022 5101 Con-

204 5145 343 5246 scripti,
368 5174 439 5249 pro
463 5153 593 5228 vestris
619 5154 890 5234 immortalibais
917 5159 955 5234 in
980 5185 1040 5234 me
1065 5156 1294 5258 fratremque
1319 5181 1449 5233 meum
1476 5151 1689 5252 liberosque
1713 5159 1858 5224 nostros
1878 5147 2020 5224 meritis

1637 5271 1659 5345 3
