4724 6010
332 355 372 430 X

332 548 414 625 dies
437 547 547 620 uisus
572 553 643 626 est,
671 550 714 610 ut
733 535 894 633 speciem
914 527 1081 626 aliquam
1101 519 1255 594 uiderer
1270 513 1402 589 uidere
1415 515 1528 614 quasi
1544 513 1797 588 reviviscentis
1810 509 2041 614 reipublicae
2071 509 2153 608 sot?

330 669 461 742 Nonne
487 664 597 734 etiam
623 653 805 741 Ciceroni,
831 663 874 722 ut
898 645 1134 745 Pompeiano,
1162 639 1227 739 qui
1255 633 1441 708 desiderio
1466 633 1641 733 pristinae
1668 629 1855 730 dignitatis
1873 630 2152 730 inperpetuum

330 801 452 860 tacere
478 781 671 864 statuisset,
698 769 967 847 difficillimum
993 788 1069 836 esse
1094 755 1307 858 oportebat,
1335 753 1499 839 Caesari,
1522 751 1692 824 factionis
1718 775 1805 824 suae
1830 749 1981 838 victori,
2020 749 2153 847 gratias

332 931 460 1006 agere,
487 905 536 976 ita
561 911 604 971 ut
629 909 665 970 et
690 893 790 967 illius
814 883 996 962 voluntati
1029 893 1065 954 et
1090 878 1164 950 suis
1197 871 1329 948 studiis
1361 869 1628 968 communique
1661 870 1816 942 civitatis
1846 867 1956 942 saluti
1981 867 2155 946 serviret?

332 1029 368 1099 Si
395 1049 484 1098 vero
511 1021 667 1121 gratiam
693 1009 857 1114 quaeris:
885 1005 974 1078 haec
1001 1001 1090 1072 inita
1104 1008 1158 1069 est
1182 1006 1219 1064 et
1243 988 1447 1063 aMarcelli
1461 987 1681 1087 propinquis
1694 1011 1737 1060 ae
1748 987 1992 1060 familiaribus
2002 997 2154 1085 propter

332 1141 601 1219 Marcellorum
626 1131 754 1207 laudes
761 1185 772 1218 ,
802 1138 880 1198 eta
905 1121 1059 1194 Caesare
1083 1126 1237 1216 propter
1263 1121 1360 1182 actas
1385 1108 1528 1206 gratias.
1584 1107 1760 1205 Denique
1785 1106 1954 1180 Marcelli
1987 1104 2155 1180 volunta-

332 1276 409 1334 tem
447 1253 552 1358 quod
589 1252 736 1336 attinet,
776 1269 818 1316 ea
855 1239 938 1312 talis
983 1246 1078 1322 erat,
1122 1245 1165 1304 ut
1203 1228 1311 1302 facile
1346 1239 1383 1298 et
1424 1248 1544 1323 aequo
1583 1223 1708 1297 animo
1744 1225 1861 1324 patria
1899 1237 2042 1298 careret
2082 1223 2155 1295 illis

333 1376 580 1478 temporibus;
630 1391 752 1466 neque
795 1387 880 1434 sane
920 1353 1103 1430 iucundas
1141 1352 1173 1423 ei
1221 1345 1385 1421 Caesaris
1432 1341 1560 1414 laudes
1602 1339 1716 1416 fuisse
1762 1339 2009 1413 arbitramur:
2068 1351 2157 1412 ana-

332 1525 419 1572 men
457 1504 625 1596 pergrata
655 1488 768 1561 luisse
804 1479 1098 1555 necessariorum
1133 1481 1170 1542 et
1211 1463 1371 1538 maxime
1411 1459 1602 1534 Ciceronis
1646 1457 1787 1550 officia,
1832 1472 1989 1534 testatur
2041 1460 2157 1560 ipsius

335 1611 490 1715 epistola
529 1607 577 1681 ad
623 1605 845 1679 Ciceronem
890 1595 1007 1688 (Fam.
1050 1590 1118 1675 IV,
1163 1589 1251 1680 11.):
1297 1583 1394 1672 „Res
1433 1577 1755 1680 quemadmodum
1793 1579 1841 1652 sit
1872 1591 1971 1668 acta,
2012 1591 2155 1652 vestrae

335 1735 479 1807 litterae
509 1726 599 1800 mihi
632 1722 832 1796 declarant.
868 1709 1078 1786 Gratulatio
1108 1720 1174 1779 tua
1206 1705 1271 1776 etsi
1304 1715 1359 1775 est
1382 1701 1473 1774 mihi
1499 1700 1771 1801 probatissima,
1805 1699 1911 1801 quod
1939 1700 2080 1799 optimo
2116 1696 2158 1770 fit

335 1855 477 1943 animo;
502 1861 626 1920 tamen
651 1841 722 1914 hoc
746 1834 838 1911 mihi
864 1833 985 1905 multo
1011 1825 1227 1902 iucundius
1246 1836 1300 1896 est
1331 1836 1367 1895 et
1391 1823 1547 1922 gratius,
1586 1819 1690 1920 quod
1724 1821 1762 1893 in
1798 1844 1942 1893 summa
1974 1819 2156 1918 paucitate

338 1971 555 2054 amicorum,
581 1961 880 2062 propinquorum
897 1975 940 2022 ao
960 1947 1262 2029 necessariorum,
1290 1943 1355 2040 qui
1380 1965 1467 2012 vere
1491 1965 1594 2012 meae
1619 1937 1727 2012 saluti
1752 1937 1928 2027 faverent,
1943 1951 1979 2011 te
1998 1935 2159 2037 cupidis-

340 2095 476 2166 simum
500 2084 591 2170 mei,
617 2078 917 2177 singularemque
930 2067 1020 2140 milri
1034 2063 1330 2137 benevolentiam
1341 2061 1562 2160 praestitisse
1587 2059 1780 2158 cognovi.“
1800 2056 1906 2152 Quid
1928 2082 2014 2156 ergo
2029 2083 2158 2131 causae

339 2215 428 2299 erit,
455 2233 525 2280 cur
550 2228 636 2276 eum
646 2199 809 2272 noluisse
822 2207 995 2294 putemus
1001 2245 1012 2279 ,
1027 2193 1314 2258 monumentum
1329 2193 1470 2252 exstare
1484 2179 1594 2251 huius
1607 2177 1883 2252 benevolentiae
1901 2176 1977 2278 17)l
1988 2175 2160 2248 Secunda

341 2325 470 2408 Wolfii
497 2325 591 2397 ratio
617 2333 686 2392 est:
712 2311 847 2406 „Adde
873 2309 983 2384 huius
1008 2306 1133 2379 aetatis
1157 2326 1302 2373 morem
1327 2311 1364 2370 et
1389 2296 1623 2397 elegantiam,
1651 2300 1731 2388 cui,
1755 2325 1816 2372 me
1843 2296 1998 2398 quidem
2023 2296 2158 2381 iudice,

342 2445 574 2524 contrarium
613 2437 765 2514 videtur
790 2447 826 2506 et
857 2433 1045 2530 ineptum,
1078 2421 1198 2499 verbis
1226 2416 1405 2519 pluribus
1439 2419 1493 2489 uti
1520 2417 1684 2516 aliquem
1709 2421 1747 2493 in
1772 2419 1975 2519 gratiarum
2000 2420 2161 2504 actione,

342 2593 458 2671 quam
485 2565 561 2664 ipsa
586 2583 644 2634 res
670 2555 888 2658 postularet,
916 2551 1050 2634 idest,
1077 2558 1121 2617 ut
1144 2541 1277 2614 Cicero
1304 2537 1430 2609 dicere
1460 2537 1571 2625 solet,
1597 2541 1850 2638 amplissimis,
1885 2537 2162 2638 singularibus,

344 2716 410 2766 seu
434 2683 626 2786 pluribus,
652 2701 765 2777 quam
781 2672 941 2772 fuctum
966 2677 1064 2739 esset
1087 2687 1111 2732 c
1136 2657 1272 2730 ceteris
1298 2651 1585 2729 Senatoribus.“
1632 2653 1806 2726 Attamen
1832 2653 1980 2727 Tullius
2005 2653 2163 2725 litterate

346 2809 439 2885 dicit
464 2805 503 2876 in
529 2798 681 2900 epistola
706 2790 755 2865 ad
779 2789 857 2860 Ser.
884 2784 1094 2884 Sulpicium
1119 2778 1235 2872 (Fam.
1264 2771 1333 2860 lv,
1360 2771 1426 2867 4.),
1454 2795 1568 2871 quam
1593 2797 1703 2845 nemo
1728 2800 1940 2872 germanam
1956 2797 2031 2845 esse
2045 2781 2162 2871 negat,

342 2921 520 3028 pluribus
544 2913 663 2990 verbis
688 2913 751 3009 egi
779 2907 934 3002 Caesari
945 2905 1103 3000 gratias.
1126 2897 1256 2995 Itaque
1272 2895 1301 2966 si
1320 2890 1498 2992 pluribus
1512 2889 1633 2965 serbis
1655 2894 1714 2962 uti
1738 2895 1778 2964 in
1790 2896 2004 2989 gratiarnm
2017 2892 2165 2962 actione

347 3071 425 3119 non
448 3035 585 3111 licebat
609 3033 673 3104 illo
698 3043 880 3126 tempore,
917 3033 1113 3122 peccatum
1152 3013 1223 3088 boc
1253 3025 1308 3084 est
1342 3010 1550 3096 Ciceronis,
1577 3033 1691 3108 quem
1723 3021 1765 3081 ut
1790 3009 1991 3108 poeniteat,
2017 3017 2165 3078 tantum

345 3163 466 3244 abest,
493 3165 535 3226 ut
559 3150 716 3250 gloriose
743 3142 839 3216 illud
863 3139 1062 3240 praedicet.
1101 3137 1144 3207 lu
1169 3125 1425 3231 sequentibus:
1450 3126 1602 3212 „Tertio
1627 3138 1692 3197 aut
1716 3138 1850 3223 quarto
1875 3137 1959 3222 post
1977 3121 2167 3196 Christum

350 3274 516 3357 saeculo,
553 3267 691 3369 quibus
723 3257 953 3358 temporibus
978 3251 1186 3326 Eumenius
1219 3259 1255 3319 at
1285 3239 1501 3338 Panegyrici
1527 3239 1649 3312 Latini
1684 3242 1874 3330 vixerunt,
1916 3243 1954 3315 in
1986 3241 2049 3313 tali
2083 3239 2166 3312 laco

348 3411 384 3470 at
397 3409 563 3489 tempore
584 3381 757 3457 convenit
771 3379 863 3450 iusta
889 3373 1017 3457 oratio,
1047 3393 1124 3440 non
1149 3355 1639 3454 Ciceroniano,“oratiopro
1651 3355 1832 3430 Marcello
1846 3381 1934 3430 eum
1947 3354 2170 3454 panegyrico

348 3529 385 3589 et
408 3517 588 3614 perpetua
611 3496 823 3572 laudatione
850 3497 1101 3586 comparatum
1133 3482 1238 3581 quasi
1280 3479 1465 3558 Wolfium
1490 3479 1672 3563 latuisset,
1707 3501 1788 3548 eam
1817 3475 2023 3548 orationem
2045 3469 2171 3568 gratiis

351 3625 497 3706 Caesari
522 3616 674 3719 agendis
699 3613 862 3711 incipere
888 3623 924 3682 et
957 3604 1164 3692 terminari,
1191 3604 1229 3674 in
1267 3597 1392 3672 medio
1424 3605 1549 3667 autem
1579 3592 1736 3691 positam
1774 3613 1851 3664 esse
1884 3587 2173 3688 disputationem

354 3749 400 3824 de
426 3733 655 3822 restituenda
680 3743 716 3804 et
746 3729 932 3828 sapienter
964 3717 1222 3820 componenda
1252 3710 1446 3812 republica
1476 3709 1544 3802 18).
1596 3706 1742 3794 Tertia,
1768 3729 1864 3804 quae
1889 3716 2015 3790 restat,
2042 3695 2171 3771 Wollii

353 3868 448 3944 ratio
474 3861 530 3932 his
553 3853 677 3929 verbis
703 3845 919 3946 exponitur:
947 3841 1143 3938 „Denique
1158 3831 1403 3909 Plutarchum
1415 3829 1445 3902 si
1460 3825 1644 3911 audimus,
1655 3823 1918 3907 testimouium,
1933 3843 2009 3918 quo
2024 3815 2173 3889 nullum

352 3975 576 4080 locupletius
600 3965 719 4069 optari
745 3973 879 4063 potest,
911 3955 1124 4056 planissime
1156 3964 1330 4050 apparet,
1359 3948 1422 4023 illa
1444 3948 1559 4048 plura
1583 3941 1694 4016 verba
1725 3963 1803 4011 non
1828 3936 1992 4036 explesse
2015 3930 2174 4006 modum

353 4105 469 4176 iustae
494 4085 681 4172 orationis,
709 4103 804 4178 quae
830 4074 966 4150 deinde
978 4086 1099 4174 posset
1115 4071 1247 4145 litteris
1260 4065 1442 4142 mandari.
1470 4061 1588 4138 Testis
1613 4059 1689 4158 ipse
1712 4057 1846 4131 Caesar
1870 4065 1934 4126 est.
1950 4051 2045 4126 Nam
2055 4073 2175 4149 quum

353 4217 459 4294 brevi
484 4220 568 4313 post
588 4202 802 4278 restitutum
822 4191 1047 4266 Marcellum
1071 4187 1202 4262 Cicero
1226 4210 1297 4288 pro
1314 4179 1462 4281 Ligario
1487 4175 1657 4250 dicturus
1682 4185 1787 4260 esset,
1812 4193 1889 4270 quo
1905 4166 2056 4240 tandem
2067 4177 2175 4265 pacto

355 4338 539 4439 potuisset
574 4325 708 4400 Caesar
736 4317 780 4389 iis
815 4307 940 4386 serbis
979 4305 1055 4393 uti,
1084 4303 1224 4404 quibus
1246 4317 1330 4378 tum
1353 4322 1466 4370 usum
1504 4290 1618 4368 tradit
1640 4286 1881 4364 Plutarchus:
1910 4285 2014 4382 Quid
2038 4285 2176 4368 obstat,

359 4455 561 4556 quominus
608 4441 829 4515 Ciceronem
873 4437 977 4498 tanto
1018 4419 1214 4495 intervallo
1254 4422 1456 4498 audiamus
1498 4407 1702 4488 dicentem?
1752 4407 1834 4478 Iam
1877 4401 2023 4501 pridem
2066 4399 2177 4473 nobis

361 4582 508 4644 certum
538 4571 616 4644 cst,
658 4547 858 4648 Ligurium
896 4535 1103 4640 improbum
1138 4561 1219 4610 esse
1258 4551 1296 4611 et
1335 4534 1486 4608 hostem.
1547 4523 1728 4600 Audierat
1757 4519 1898 4594 scilicet
1928 4521 2056 4620 paucis
2091 4531 2175 4594 ante

356 4681 546 4763 mensibus
591 4672 778 4746 dicentem
812 4684 882 4759 pro
922 4653 1114 4730 Marcello.
1123 4662 1146 4697 “
1201 4653 1390 4731 Plutarchi
1430 4647 1546 4724 verba
1584 4653 1672 4716 sunt
1709 4639 1790 4726 (vit.
1840 4637 1960 4720 Cicer.
2009 4663 2042 4717 c.
2082 4637 2176 4730 36.):

361 4812 476 4886 Λέγεται
497 4803 527 4860 di
547 4794 593 4856 ani
611 4791 727 4853 Κοΐντου
746 4781 881 4862 Aayaalov
901 4779 976 4852 llam
995 4775 1148 4854 φεύγοντος,
1174 4773 1217 4838 dn
1243 4779 1298 4838 coir
1324 4777 1463 4852 Καίσαρος
1488 4765 1620 4840 πολεμίων
1648 4755 1685 4832 tlt
1710 4757 1828 4838 ἐγεγόνει
1853 4759 1900 4820 ast
1920 4759 2074 4837 malqoror
2100 4750 2179 4828 nisti

369 4960 416 5026 ¹6)
443 4952 523 5008 Conl.
543 4947 626 5016 llugii
647 4939 764 4996 Lucubr.
783 4954 811 5006 p.
831 4955 860 5005 9.
881 4943 910 4987 et
928 4930 1034 4990 Weisk.
1055 4935 1200 4986 comment.
1219 4943 1248 4996 p,
1268 4925 1316 4994 43.
1335 4941 1375 4995 sq.

248 5081 260 5100 .
367 5048 413 5113 tr)
439 5042 481 5101 Cl.
500 5035 599 5093 iacobi
618 5029 707 5086 libell.
726 5043 756 5097 p.
775 5023 822 5093 al.
841 5039 884 5094 sq.

366 5134 412 5202 ta)
432 5127 499 5186 vit.
521 5119 743 5195 expromeret.
756 5122 799 5171 tt.
822 5108 897 5178 „sed
907 5105 980 5162 nuda
993 5111 1035 5162 est
1047 5101 1258 5172 casamariam
1277 5101 1440 5156 terminetur
1453 5093 1551 5149 oratio.
1564 5087 1693 5144 blasium
1709 5083 1763 5142 tibi
1779 5097 1871 5139 onnes
1885 5079 1983 5152 gratias
1993 5075 2114 5146 agitand‘
2130 5080 2184 5132 etc.
