4724 6010
1941 367 2018 452 XV

197 561 297 636 nonis
323 559 539 660 opinionem
564 569 716 630 auctore
741 554 914 657 Scipione
923 555 1005 630 Cos.
1027 553 1178 629 Aediles
1203 567 1388 628 secretum
1413 569 1497 628 ante
1522 581 1650 632 omnes
1674 557 1802 634 locum
1824 561 2014 662 spectandi

197 679 437 754 senatoribus
461 677 652 768 dederint;
679 673 811 750 eodem
837 676 901 748 illo
925 673 1023 748 sacto
1048 673 1230 776 Scipionis
1255 673 1294 745 in
1319 669 1388 746 bac
1413 672 1568 772 quidem
1593 675 1768 764 oratione,
1794 679 1881 776 quia
1907 703 2016 755 causa

197 803 387 902 popularis
412 813 501 888 erat,
526 799 842 900 premebaturque
867 802 1023 872 Senatus
1048 797 1277 882 auctoritate,
1302 807 1413 893 atque
1428 793 1477 868 ob
1496 793 1535 866 id
1549 793 1764 894 dignitatem
1779 799 1858 871 eius
1873 799 2016 874 ordinis

199 947 314 1022 quam
336 922 453 1022 possit
477 922 637 994 maxime
663 917 798 991 elevari
825 943 955 992 causae
980 916 1211 1016 expediebat,
1236 918 1461 1016 poenituisse
1486 917 2016 1021 aitScipionem,quodpassus

199 1056 302 1131 esset,
327 1041 369 1116 id
392 1041 487 1114 lieri:
515 1040 553 1112 in
578 1065 621 1112 ea
652 1040 818 1111 oratione
855 1035 902 1112 de
934 1038 1187 1138 Haruspicum
1210 1061 1397 1136 responso,
1431 1037 1519 1134 quia
1550 1036 1588 1108 in
1628 1036 1765 1108 Senatu
1797 1034 2013 1128 habebatur,

199 1164 308 1236 cuius
334 1161 489 1234 auribus
513 1172 593 1232 erat
615 1154 900 1244 blandiendum,
929 1169 965 1228 et
987 1180 1212 1256 magnopere
1238 1155 1346 1228 illum
1369 1154 1508 1243 laudat,
1527 1168 1563 1228 et
1587 1179 1663 1228 non
1688 1169 1880 1232 auctorem
1903 1157 2014 1233 fuisse

200 1282 326 1372 dandi,
352 1285 453 1378 (nam
477 1281 518 1354 id
542 1293 622 1353 erat
646 1280 777 1376 levius)
801 1277 868 1352 sed
893 1280 1014 1377 ipsum
1039 1279 1150 1350 etiam
1176 1273 1321 1350 dedisse
1348 1273 1476 1348 dicier

296 1431 342 1502 In
367 1427 438 1500 boc
463 1425 613 1500 Asconii
640 1423 975 1500 locoMarlilandus
989 1422 1180 1521 duplicem
1205 1445 1372 1494 errorem
1397 1445 1473 1496 esse
1497 1420 1705 1494 notandum
1729 1421 1830 1511 dicit,
1853 1423 2015 1524 inprael.

199 1551 247 1624 ad
271 1551 325 1622 lv
350 1547 469 1620 Oratt.
494 1573 533 1647 p.
560 1555 618 1646 73.
643 1545 762 1635 „Nam
785 1545 924 1644 prior“,
950 1543 1083 1643 inquit,
1112 1564 1222 1640 „pers
1243 1539 1572 1613 animadversionis
1597 1540 1818 1654 Ciceronem
1842 1545 1957 1618 tradit
1978 1547 2017 1619 in

200 1668 331 1742 eadem
356 1667 523 1740 oratione
548 1665 686 1751 dicere,
712 1665 923 1764 Scipionem
944 1667 1067 1763 ipsum
1100 1675 1293 1732 auctorem
1314 1659 1449 1758 fnisse
1479 1660 1596 1733 dandi
1626 1687 1713 1735 eum
1745 1661 1871 1736 locum
1907 1665 2016 1738 Sena-

199 1787 363 1879 toribus3
388 1787 582 1886 posterior,
608 1809 686 1858 non
718 1799 911 1856 auctorem
931 1780 1067 1882 fuisse
1100 1780 1231 1866 dandi,
1263 1777 1329 1852 sed
1361 1782 1485 1878 ipsum
1514 1783 1626 1852 etiam
1655 1779 1811 1855 dedisse.
1858 1781 2016 1874 Deinde,

200 1905 392 2006 quomodo
417 1905 484 1977 ista
509 1901 591 1975 talis
614 1901 858 2002 repugnantia
883 1897 932 1970 ad
957 1896 1198 1973 calliditatem
1222 1900 1422 1974 oratoriam
1444 1897 1576 1974 referri
1601 1903 1725 2001 possit,
1752 1903 1928 2005 equidem
1941 1930 2017 1978 non

201 2027 344 2126 capio.“
369 2022 485 2118 Quod
509 2019 755 2096 Marklandus
780 2044 818 2093 se
844 2045 920 2092 non
947 2043 1078 2118 capere
1103 2018 1205 2109 dicit,
1231 2045 1359 2094 omnes
1385 2033 1485 2094 certe
1517 2021 1662 2120 capient
1692 2024 1729 2114 ii,
1762 2024 1827 2124 qui
1862 2023 2019 2124 legerint

200 2169 254 2218 or.
280 2169 349 2242 pro
375 2142 524 2215 Cluent.
550 2166 583 2214 c.
610 2142 667 2213 50.
696 2165 770 2240 sq„
797 2138 862 2212 ubi
890 2138 1022 2212 Cicero
1049 2140 1096 2213 de
1118 2138 1332 2212 huiusmodi
1359 2137 1660 2230 dissensionibus,
1674 2167 1794 2242 quum
1819 2143 1890 2217 alia
1914 2171 2019 2246 prae-

202 2260 312 2349 clara,
339 2276 422 2335 tum
448 2265 558 2336 etiam
582 2261 673 2336 hacc
700 2261 808 2338 dicit:
833 2265 973 2352 „Errat
995 2260 1244 2348 vehementer,
1270 2260 1300 2332 si
1326 2259 1409 2358 quis
1436 2261 1475 2332 in
1499 2262 1730 2337 orationibus
1755 2266 1901 2352 nostris,
1927 2291 2018 2366 quas

204 2383 243 2452 in
268 2383 415 2456 iudiciis
440 2384 639 2458 habuimus
665 2387 900 2460 auctoritates
932 2389 1075 2459 nostras
1105 2365 1343 2482 ¹consignatas
1375 2407 1413 2456 se
1455 2381 1590 2456 babere
1623 2385 1835 2458 arbitratur.
1880 2383 2019 2458 Omnes

205 2503 306 2574 enim
331 2501 415 2575 illae
441 2505 624 2578 orationes
650 2529 847 2578 causarum
873 2518 909 2578 ct
932 2518 1144 2604 temporum
1168 2517 1266 2593 sunt,
1287 2528 1363 2576 non
1394 2504 1587 2578 hominum
1619 2507 1785 2606 ipsorum
1818 2532 1860 2580 ac
1897 2519 2020 2606 patro·

204 2645 354 2695 norum.
379 2621 472 2695 Nam
493 2627 522 2696 si
549 2649 679 2697 causae
710 2628 808 2726 ipsae
839 2652 909 2726 pro
940 2650 978 2699 se
1009 2625 1114 2725 loqui
1145 2636 1305 2724 possent,
1343 2648 1454 2696 nemo
1484 2623 1677 2697 adhiberet
1708 2637 1894 2698 oratorem
1923 2627 2021 2723 ad).“

204 2739 362 2841 Reliqua
386 2743 547 2840 speciem
570 2743 734 2816 veritatis
760 2741 908 2831 habeut,
923 2767 1019 2842 quae
1044 2739 1289 2812 Marklandus
1309 2754 1453 2832 monet3
1480 2753 1640 2814 attamen
1655 2765 1732 2814 non
1750 2743 2019 2816 satisaccurate

204 2861 234 2930 is
261 2859 522 2957 interpretatus
547 2872 602 2932 est
625 2860 776 2934 Asconii
803 2860 1172 2933 animadversionem.
1213 2856 1329 2931 Cuius
1370 2857 1474 2956 prior
1508 2881 1593 2956 pars
1632 2857 1756 2948 tradit,
1799 2857 2019 2934 Ciceronem

205 2983 324 3056 videri
347 2985 583 3081 significare,
609 3010 685 3058 non
703 2987 818 3084 plane
844 2985 986 3070 dicere,
1012 2985 1051 3056 in
1077 3007 1130 3056 or.
1159 2977 1205 3052 de
1230 2979 1387 3076 Harusp.
1419 2979 1545 3079 Resp,
1582 2979 1794 3080 Scipionem
1828 2995 2020 3058 auctorem

202 3095 316 3170 fuisse
342 3097 456 3172 dandi
481 3098 969 3188 eumlocumSenatoribus;
994 3097 1177 3198 posterior
1201 3093 1391 3170 calliditati
1417 3098 1597 3170 oratoriae
1624 3097 1694 3172 boc
1719 3101 1887 3200 assignat,
1912 3101 2018 3201 quod

206 3214 349 3301 Cicero,
377 3239 497 3314 quum
519 3229 669 3315 putaret
692 3230 758 3290 aut
781 3241 1000 3317 persuasum
1024 3215 1094 3288 sibi
1121 3211 1284 3299 baberet,
1299 3211 1511 3310 Scipionem
1522 3228 1715 3287 auctorem
1729 3213 1864 3313 fuisse
1888 3217 2019 3306 dandi,

205 3327 247 3400 id
271 3330 393 3429 ipsum
416 3355 494 3403 non
519 3329 661 3404 diceret
686 3333 725 3405 in
750 3358 793 3404 ea
816 3333 996 3420 oratione,
1021 3328 1088 3404 sed
1112 3330 1259 3404 dedisse
1285 3327 1392 3400 illum
1416 3330 1540 3403 locum
1564 3329 1823 3406 Senatoribus.

301 3468 483 3545 Eiusdem
518 3471 668 3545 Asconii
701 3471 912 3548 secundum
944 3488 1061 3549 exstat
1084 3473 1339 3548 testimonium
1369 3479 1408 3546 in
1433 3473 1639 3550 Comment.
1666 3475 1715 3550 ad
1740 3479 1897 3554 Divinat.
1924 3506 1956 3556 c.
1982 3483 2017 3558 6.

205 3587 254 3662 ad
277 3586 407 3662 verba:
433 3592 582 3666 etianesi
605 3607 747 3684 tacent,
772 3599 867 3668 satis
891 3597 1034 3669 dicunt.
1059 3595 1211 3688 „Tale“,
1239 3593 1373 3694 inquit,
1397 3594 1519 3682 „illud
1545 3609 1612 3669 est:
1640 3621 1758 3698 quum
1774 3612 1915 3688 tacent,
1941 3601 2018 3675 cla-

206 3722 329 3795 mant,
371 3721 408 3782 et
431 3714 623 3786 victoriam
648 3718 767 3814 ipsam
790 3719 930 3789 vicisse
959 3715 1120 3802 videris,
1166 3726 1202 3786 et
1223 3712 1559 3816 philosophandum
1582 3733 1655 3806 est,
1691 3721 1938 3796 etiamsinon
1963 3738 2020 3798 est

201 3827 548 3929 philosophandum.
598 3834 699 3909 Haec
723 3841 763 3907 in
787 3833 872 3910 loco
896 3859 967 3910 nec
993 3858 1183 3934 oxymora,
1209 3859 1280 3908 nec
1304 3833 1791 3912 cacozelaiudicandasunt.
1819 3839 1896 3914 Aut
1920 3845 2021 3918 enim

205 3947 445 4025 inferioribus
470 3953 588 4048 dictis,
614 3970 678 4030 aut
701 3981 814 4059 supra
838 3957 962 4058 positis
987 3956 1197 4046 leniuntnr;
1228 3966 1272 4027 ut
1296 3967 1350 4028 est
1375 3954 1488 4031 illud:
1542 3957 1705 4048 Vereor,
1733 3975 1776 4033 nt
1798 3959 1884 4050 hoc,
1920 3965 2024 4065 quod

205 4067 342 4158 dicam,
364 4074 524 4171 perinde
547 4077 712 4176 intelligi
730 4080 857 4178 possit
878 4079 1030 4167 auditu,
1062 4093 1176 4179 atque
1202 4105 1272 4178 ego
1298 4083 1376 4180 ipse
1391 4085 1565 4180 cogitans
1581 4087 1722 4176 sentim
1748 4083 1899 4174 etillud,
1914 4085 2020 4187 quod

203 4185 383 4282 sequitur,
408 4213 542 4260 oerum
568 4215 645 4263 non
669 4201 842 4266 tecent.“
880 4191 1006 4268 Verba
1036 4219 1189 4286 vereor,
1218 4213 1261 4271 ut
1284 4198 1370 4286 boc,
1396 4199 1499 4300 qnod
1521 4201 1658 4290 dicem,
1673 4203 1832 4303 perinde
1858 4202 2022 4301 intelligi

204 4306 325 4400 possit
349 4305 501 4395 auditu,
539 4323 655 4409 atque
680 4335 751 4410 ego
775 4313 857 4414 ipse
881 4316 1056 4412 cogitans
1080 4319 1220 4404 sentio,
1259 4328 1297 4390 et
1322 4315 1534 4393 Victoriam
1559 4319 1678 4420 ipsam
1700 4323 1840 4395 vicisse
1876 4319 2020 4396 videris

208 4417 247 4488 in
270 4419 437 4492 oratione
461 4445 532 4521 pro
556 4424 610 4498 M.
636 4423 818 4500 Marcello
843 4427 1030 4527 leguntur,
1057 4429 1093 4522 S
1125 4457 1179 4506 ra.

303 4559 385 4629 Non
411 4561 564 4661 contigit
587 4561 681 4636 mibi
706 4567 875 4664 quamvis
898 4592 1100 4670 permagno
1128 4572 1253 4652 studio
1277 4577 1439 4655 nancisci
1466 4591 1530 4652 aut
1553 4577 1673 4682 legere
1696 4579 1900 4684 fragmenta
1924 4599 2022 4662 vete-

209 4705 296 4753 rum
330 4678 559 4758 scholiorum
591 4684 631 4757 in
655 4684 936 4762 Marcellianum
968 4691 1185 4790 orationem,
1224 4721 1319 4800 quae
1354 4722 1476 4797 nuper
1511 4697 1661 4776 inventa
1691 4715 1780 4778 sunt
1809 4703 1856 4781 ab
1880 4705 2022 4810 Angelo

227 4949 277 5018 sl)
297 4946 343 5010 Cf.
361 4951 435 5010 Brut.
455 4951 487 5010 0.
508 4961 552 5014 lt.
571 4955 627 5023 „bt
646 4955 696 5012 llle
714 4957 816 5026 ridens,
834 4975 884 5014 mo
902 4975 979 5030 vero,
1004 4965 1106 5038 tnqolt,
1130 4963 1283 5036 arbitrata
1308 4965 1439 5040 quonlam
1464 4967 1574 5044 qnidam
1606 4985 1771 5028 conmercia
1800 4978 1841 5028 est
1861 4967 2017 5026 rbetorlbur

281 5043 408 5096 monuit
438 5044 468 5098 tn
488 5041 627 5112 historiis,
652 5055 684 5100 nt
702 5046 810 5120 aqunld
828 5045 919 5102 dicem
938 5053 1046 5120 possint
1061 5054 1212 5125 aeguum
1233 5062 1262 5108 at
1278 5053 1318 5112 lb.
1338 5074 1362 5112 c.
1380 5053 1429 5114 ¹2.
1469 5055 1573 5130 „Quod
1592 5057 1736 5128 ludlcarst,
1756 5059 1810 5116 boe
1829 5058 1946 5115 oratorls
1958 5073 2015 5114 esse

282 5129 399 5185 maxine
417 5131 568 5206 propitum,
587 5147 645 5188 rem
663 5149 761 5208 augere
779 5151 859 5210 posse
878 5135 1028 5208 lanmndo,
1048 5139 1288 5216 vitupessndoque
1308 5159 1399 5200 russas
1419 5144 1571 5220 adllgsssr‘
