4724 6010
1940 381 2037 460 XIX

217 605 255 665 et
279 588 418 686 cuique
444 579 492 656 de
518 578 594 652 suis
618 568 839 672 aequalibus
864 563 956 643 fides
980 564 1213 642 adhibeatur.
1241 569 1318 646 Sed
1341 596 1388 643 ne
1418 569 1592 672 cupidius
1620 595 1672 662 ea,
1699 595 1794 672 quae
1820 573 2041 652 adversariis

218 711 258 782 in
282 698 526 782 commodum
563 705 736 768 nostrum
766 687 826 760 vel
860 687 983 760 inritis
1015 685 1241 777 exciderint,
1278 691 1466 789 surripere
1492 687 1705 762 videamur:
1739 691 1843 788 agite,
1878 695 2037 768 rationes

221 833 342 916 etum,
363 823 502 927 quibus
527 810 773 892 Marklandus
798 820 835 880 el
858 802 1020 879 Wolfiu's
1045 805 1125 881 fieri
1150 812 1312 909 potuisse
1336 823 1487 910 putant,
1521 822 1564 880 ut
1588 811 1664 882 reri
1693 809 1883 884 Ciceronis
1908 816 2043 888 oratio-

215 975 281 1024 nes
307 971 395 1020 cum
419 938 556 1016 falsarii
582 923 918 1006 declamationibus
944 922 1278 1020 confunderentur,
1307 931 1504 1032 diligenter
1529 931 1839 1028 examinabimus,
1865 947 1912 1024 et,
1931 961 2045 1034 quam

217 1065 421 1170 probabilis
447 1069 619 1162 quaeque
645 1051 702 1137 sit,
728 1055 901 1119 accurate
925 1041 1148 1122 videbimus.
2045 1118 2048 1130 .

318 1176 562 1260 Marklandus
601 1170 814 1246 orationum
853 1162 1126 1241 confectionem
1163 1171 1261 1244 inter
1297 1171 1441 1246 editum
1475 1172 1613 1248 Valerii
1645 1172 1786 1248 librum
1820 1189 1857 1248 et
1894 1177 2050 1252 Asconii

222 1303 523 1389 commentarios,
549 1295 611 1370 vel
635 1294 734 1366 inter
756 1313 872 1364 annos
896 1290 940 1362 U.
965 1288 1007 1363 C.
1035 1287 1117 1392 786.
1145 1302 1181 1360 et
1207 1291 1288 1389 795.
1315 1295 1432 1390 ponit,
1459 1305 1496 1366 et
1520 1295 1741 1384 Asconium,
1769 1296 2047 1389 Quintilianum

220 1429 461 1526 reliquosque
485 1427 595 1490 testes
621 1411 668 1484 ab
691 1435 821 1484 earum
845 1407 1038 1508 scriptore,
1067 1407 1113 1480 de
1140 1408 1323 1483 industria
1349 1411 1540 1486 falsarium
1563 1428 1710 1512 agente,
1737 1417 1776 1488 in
1802 1442 1969 1492 errorem
1994 1420 2049 1492 in-

222 1547 355 1621 ductos
380 1566 457 1615 esse
485 1547 611 1610 censet
634 1528 764 1630 (praef.
780 1554 818 1628 p.
833 1529 919 1629 76.).
935 1525 1096 1601 Wolfius
1121 1542 1245 1602 autem
1263 1557 1347 1604 raro
1359 1531 1537 1605 accidisse
1552 1531 1757 1604 arbitratur
1782 1533 1912 1632 (praef.
1930 1537 2047 1610 Marc.

221 1693 257 1767 p.
285 1667 369 1758 ab),
385 1673 428 1733 ut
453 1658 620 1732 imitator
635 1651 886 1738 scholasticus,
911 1648 1066 1722 edendis
1080 1649 1218 1724 talibus
1243 1653 1399 1752 scriptis,
1423 1653 1551 1727 doctos
1577 1651 1744 1728 homines
1770 1655 1901 1728 ludere
1925 1656 2047 1746 vellet,

222 1810 345 1884 neque
363 1807 445 1854 eam
456 1776 707 1877 suspicionem
721 1772 760 1843 in
771 1769 873 1842 bunc
899 1781 1140 1867 personatum
1166 1771 1389 1844 Ciceronem
1415 1772 1570 1861 cadere,
1604 1773 1670 1847 sed
1705 1799 1800 1873 quae
1827 1802 1848 1847 a
1873 1774 2047 1866 Pediano,

224 1899 458 1996 Quintiliano
470 1905 506 1966 et
517 1891 597 1965 aliis
615 1888 818 1962 laudentur
842 1890 1043 1977 orationes,
1069 1913 1146 1962 non
1161 1889 1315 1961 omnino
1331 1885 1479 1960 easdem
1492 1913 1578 1980 esse,
1606 1915 1697 1988 quas
1711 1888 1822 1962 hodie
1849 1889 2049 1966 babeamus

224 2023 264 2094 in
288 2017 462 2092 manibus
487 2017 536 2109 (v.
562 2009 678 2112 praef.
701 2010 760 2086 lV.
787 2007 905 2082 Oratt.
931 2035 967 2110 p.
994 2011 1078 2108 39.).
1105 2010 1254 2084 Nostros
1280 2021 1405 2081 autem
1431 2010 1613 2082 orationes
1627 2010 1817 2109 aliquanto
1836 2024 1919 2084 ante
1938 2014 2051 2086 Asco-

224 2141 342 2227 nium,
371 2139 577 2236 imperante
595 2129 760 2216 Tiberio,
785 2131 938 2230 scriptas
954 2155 1041 2217 esse,
1067 2129 1380 2202 verisimillimum
1391 2154 1468 2201 esse
1483 2127 1588 2202 ducit
1613 2128 1743 2229 (praef.
1759 2131 1876 2204 Marc.
1903 2157 1939 2232 p.
1963 2133 2051 2229 38.).

316 2256 469 2330 Nullam
498 2250 744 2327 Marklandus
775 2275 925 2324 causam
949 2250 1074 2337 affert,
1112 2275 1182 2324 cur
1214 2249 1312 2320 inter
1341 2244 1460 2321 editos
1498 2246 1636 2320 Valerii
1671 2262 1708 2320 et
1738 2249 1889 2324 Asconii
1928 2250 2047 2325 libros

228 2377 666 2475 orationesconscriptas
689 2398 765 2446 esse
790 2387 976 2473 putemus,
998 2374 1068 2446 nisi
1096 2372 1191 2472 qnae
1216 2397 1339 2470 supra,
1366 2385 1408 2443 ut
1432 2371 1582 2468 opinor,
1609 2369 1766 2442 refutata
1792 2384 1855 2443 est.
1907 2371 2048 2471 Nempe

227 2498 541 2576 verisimillimum
566 2519 656 2582 esse,
682 2495 853 2594 imperito
879 2492 1119 2566 declamatori
1144 2491 1337 2590 placuisse,
1363 2488 1508 2589 aliquid
1532 2491 1720 2590 surripere
1746 2519 1766 2563 a
1791 2492 1957 2582 Valerio,
1981 2491 2048 2566 sed

227 2621 378 2720 vestigia
401 2617 512 2718 plagii
538 2613 767 2689 oblitterasso
793 2612 1025 2689 immutanda
1050 2613 1212 2686 auctoris
1243 2615 1299 2686 sui
1337 2611 1540 2704 latinitate;
1580 2625 1777 2712 propterea
1802 2613 1908 2713 quod
1921 2615 2055 2688 melior

228 2741 366 2816 Valerii
393 2741 579 2830 latinitas,
598 2765 713 2840 quam
737 2739 853 2812 nostri
881 2740 1037 2812 oratoris
1062 2736 1244 2809 videatur.
1298 2734 1430 2830 Quum
1453 2759 1542 2808 vero
1574 2733 1749 2822 Beclius,
1787 2759 1933 2808 summo
1969 2736 2051 2807 iure

228 2863 365 2935 reiecta
388 2858 601 2935 Marklandi
627 2861 788 2947 ratione,
820 2859 869 2931 ad
894 2885 947 2931 or.
974 2858 1021 2930 de
1047 2859 1208 2954 Harusp.
1229 2878 1325 2953 resp.
1352 2854 1376 2925 l.
1404 2854 1428 2926 l.
1444 2854 1601 2944 monuit,
1627 2853 1791 2928 fortassis
1816 2856 1988 2955 utrique,
2015 2867 2052 2926 et

227 2984 377 3059 Valerio
401 2995 439 3055 et
458 2995 603 3069 nostro,
642 3005 885 3054 communem
910 2979 1101 3079 quendam
1124 2976 1237 3050 fuisse
1260 2975 1414 3063 fontem,
1441 2975 1542 3048 unde
1556 2988 1743 3076 peterent:
1770 2980 1960 3050 mittamus
1976 3003 2055 3050 om-

227 3107 319 3180 nino
345 3105 549 3189 Valerium,
576 3115 613 3174 et
636 3100 840 3188 rideamus,
867 3125 912 3170 an
928 3100 1099 3187 Asconio,
1125 3098 1189 3198 qui
1203 3101 1565 3201 proximesequitur,
1591 3100 1706 3174 rerba
1720 3100 1842 3175 facere
1859 3099 2054 3176 fraudator

227 3223 361 3323 aliquis
386 3235 452 3296 aut
479 3221 648 3294 falsarius
673 3221 847 3319 potuerit.

286 3386 288 3395 ·
323 3341 474 3415 Asconii
498 3339 650 3413 Pediani
676 3341 931 3414 annotationes
964 3341 1013 3416 ad
1039 3344 1245 3416 orationem
1269 3367 1340 3442 pro
1370 3343 1511 3418 Scauro
1550 3358 1633 3441 post
1670 3279 1774 3415 affl.
1816 3344 1897 3443 795.
1938 3343 2053 3416 editas

229 3484 315 3550 esse,
343 3472 486 3533 constat
512 3487 558 3534 ex
584 3461 697 3559 ipsius
723 3461 847 3534 verbis
873 3461 921 3534 ad
946 3473 977 3546 §.
1004 3465 1061 3555 45.
1124 3462 1317 3553 „Possidet
1352 3489 1434 3536 eam
1462 3462 1634 3556 (domum
1667 3465 1922 3561 Scaurianam)
1953 3489 2056 3537 nunc

228 3581 372 3682 Largus
402 3581 582 3670 Caecina,
618 3583 683 3682 qui
719 3583 860 3656 Consul
899 3582 972 3657 fuit
1003 3611 1092 3658 cum
1122 3583 1318 3658 Claudio.“
1355 3583 1508 3655 Etenim
1547 3584 1688 3684 Largus
1723 3583 1882 3656 Caecina
1916 3580 2056 3655 Consul

227 3701 301 3775 fuit
335 3727 423 3774 oum
455 3699 615 3775 Claudio
641 3704 864 3803 imperatore
891 3717 928 3776 et
960 3704 1122 3779 Consule
1153 3705 1199 3777 II.
1234 3735 1265 3778 a.
1291 3706 1336 3778 U.
1364 3707 1445 3806 795.
1473 3704 1547 3778 Sed
1574 3703 1715 3778 constat
1742 3705 1853 3776 etiam
1869 3727 1914 3775 ex
1929 3716 2055 3775 annot.

227 3821 277 3896 ad
299 3845 354 3894 or.
381 3845 450 3920 pro
476 3822 517 3896 C.
545 3822 673 3912 Corn„
699 3848 731 3897 c.
764 3849 805 3912 1.,
826 3823 990 3897 eundem
1003 3827 1208 3900 Asconium
1230 3823 1342 3898 fuisse
1368 3825 1588 3897 familiarem
1612 3827 1719 3913 Livii,
1747 3827 1811 3925 qui
1841 3823 1998 3898 decessit
2023 3853 2055 3897 a.

227 3946 272 4020 U.
299 3969 399 4044 771.;
425 3957 568 4018 constat
592 3972 638 4018 ex
664 3949 780 4022 Servii
806 3949 1018 4024 testimonio
1043 3948 1093 4023 ad
1116 3951 1218 4050 Virg.
1245 3948 1327 4021 Ecl.
1354 3947 1418 4037 lv,
1456 3974 1522 4040 11„
1549 3975 1636 4020 eum
1673 3946 1857 4021 audivisse
1896 3944 2057 4035 Gallum,

227 4065 343 4139 Asinii
369 4063 545 4139 Pollionis
571 4063 709 4159 lilium,
746 4069 812 4169 qui
842 4068 915 4143 fuit
953 4070 1094 4144 Consul
1132 4097 1165 4147 a.
1198 4071 1244 4150 U.
1272 4072 1373 4170 746.;
1412 4081 1557 4144 constat
1595 4069 1758 4170 denique
1798 4097 1844 4142 ex
1879 4071 1995 4142 Servii
2023 4082 2059 4140 et

226 4183 447 4285 Philargyrii
472 4187 691 4262 testimoniis
717 4189 766 4264 ad
788 4190 892 4289 Virg.
919 4191 1000 4265 Ecl.
1025 4193 1092 4280 111,
1124 4192 1213 4280 105,
1239 4217 1327 4264 eum
1350 4191 1533 4265 audivisse
1554 4189 1877 4290 etiamVirgilium
1901 4189 2058 4288 loquen-

228 4317 317 4395 tem,
344 4308 408 4408 qui
435 4307 530 4382 obiit
556 4337 587 4382 a.
613 4311 660 4391 U.
687 4313 768 4414 735.
820 4311 951 4413 Itaque
983 4327 1171 4386 natusest
1202 4312 1383 4388 Asconius
1415 4313 1543 4414 paullo
1568 4326 1652 4415 post
1676 4325 1836 4386 mortem
1855 4311 2056 4399 Ciceronis,

228 4426 294 4525 qui
323 4429 465 4502 occisus
491 4443 545 4502 est
570 4457 602 4502 a.
618 4433 663 4504 U.
690 4457 785 4534 711,
811 4445 848 4504 et
872 4426 1021 4506 necesse
1047 4447 1111 4522 est,
1137 4460 1224 4506 eum
1250 4433 1462 4525 adolevisse,
1489 4435 1583 4509 dum
1607 4433 1705 4508 lilius
1720 4433 1922 4520 Ciceronis,
1949 4430 2059 4504 disci-

225 4544 307 4646 puli
346 4561 383 4619 et
412 4547 611 4626 familiares
641 4552 819 4654 permulti
856 4553 1071 4650 superstites
1108 4567 1232 4646 erant,
1272 4555 1338 4655 qui
1373 4582 1461 4628 vera
1500 4557 1578 4629 eius
1615 4556 1751 4654 scripta
1789 4563 2055 4653 propagarent,

224 4693 350 4769 neque
365 4693 451 4742 sane
464 4694 552 4746 cum
568 4675 729 4748 aliorum
742 4672 1073 4748 declamationibus
1088 4671 1269 4746 confundi
1286 4687 1505 4774 paterentur
1520 4679 1590 4770 25).
1618 4674 1860 4774 Quapropter
1876 4670 2055 4774 equidem

226 4811 304 4860 non
329 4786 505 4888 intelligo,
534 4792 725 4892 quomodo
750 4791 832 4866 fieri
856 4794 1039 4894 potuerit,
1065 4804 1108 4863 ut
1119 4791 1301 4864 Asconius
1316 4819 1338 4864 a
1354 4791 1502 4865 falsario
1515 4790 1762 4893 deciperetur.
1789 4792 2055 4867 Wolfiiantem

226 4910 407 4980 sententia
433 4916 579 4986 tametsi
604 4939 681 4988 non
707 4914 857 5003 iisdem,
884 4913 1022 5015 quibus
1046 4911 1275 5004 Marklandi,
1308 4910 1590 4987 difficultatibus
1621 4916 1805 5015 premitur
1828 4913 2054 5010 videturque

225 5021 297 5098 hoc
312 5049 388 5098 esse
405 5027 647 5126 probabilior,
656 5031 760 5132 quod
773 5031 963 5120 Asconios,
975 5029 1238 5126 Quintilianos,
1246 5028 1412 5129 Aquilae,
1426 5028 1643 5108 Rufinianus
1663 5036 1846 5109 immunes
1863 5031 1909 5103 ab
1926 5055 2053 5106 errore

229 5198 278 5266 25)
306 5199 348 5256 De
368 5197 513 5274 discipulis
532 5201 590 5261 rld.
611 5203 732 5277 Quintil,
752 5203 811 5271 llll,
833 5211 877 5272 11,
898 5212 926 5262 ὅ.
945 5221 986 5275 sq.
1006 5210 1035 5256 et
1055 5202 1112 5259 Cic.
1131 5197 1166 5252 ad
1186 5198 1261 5258 Fam.
1280 5197 1342 5266 vlt,
1363 5199 1474 5266 aa1x,
1497 5219 1523 5270 7.
1543 5209 1587 5258 tc.
1611 5198 1654 5260 16.
1677 5209 1722 5260 ts.
