4724 6010
268 1140 558 1306 Patrocinium
573 1209 803 1315 suscepimus
825 1209 994 1314 quinque
1007 1209 1230 1298 orationum,
1245 1207 1382 1308 quibus
1396 1216 1533 1283 nomen
1541 1207 1732 1284 Ciceronis
1743 1233 1860 1308 paene
1874 1207 2085 1286 detractum

268 1358 324 1420 est
348 1371 370 1418 a
394 1339 629 1416 nostratibus.
654 1335 749 1410 Nam
774 1335 815 1408 C.
830 1335 876 1406 D.
890 1331 1064 1421 Beclius,
1092 1331 1157 1430 qui
1182 1329 1326 1430 primus
1350 1341 1433 1428 post
1458 1329 1576 1402 editos
1591 1327 1721 1402 Wolfii
1745 1329 2029 1403 commentarios
2050 1329 2084 1426 ι)

269 1454 406 1565 scllpta
444 1457 636 1536 Ciceronis
667 1455 876 1546 recensuit,
913 1450 1025 1525 bomo
1056 1449 1266 1522 litterarum
1304 1461 1341 1520 et
1380 1447 1553 1521 historiae
1598 1449 1857 1549 peritissimus,
1895 1449 1934 1520 in
1959 1449 2082 1550 quarti

174 1633 176 1640 ,
268 1581 469 1660 voluminis
514 1575 741 1680 praefatione
788 1573 969 1663 declarat,
1012 1594 1072 1643 eas
1115 1568 1298 1641 orationes
1341 1571 1380 1664 a)
1419 1566 1488 1640 sibi
1529 1593 1606 1640 non
1644 1567 1764 1641 videri
1809 1565 1994 1668 profectas
2036 1567 2083 1640 ab

267 1717 425 1792 oratore,
458 1699 567 1773 cuius
598 1723 737 1771 nomen
767 1692 1009 1779 inscribatur3
1045 1714 1089 1762 ae
1118 1700 1265 1760 tantum
1294 1711 1371 1758 non
1403 1710 1514 1759 ausus
1546 1699 1616 1776 est,
1654 1688 1694 1760 in
1724 1687 1969 1788 appendicem
2001 1690 2096 1781 reii-,
2198 1739 2200 1744 ·

267 1851 368 1914 cere,
405 1821 548 1922 spurias
572 1818 762 1893 Ciceronis
787 1814 971 1888 orationes
1002 1806 1364 1910 comprehensuram.
1391 1805 1432 1878 C.
1460 1803 1506 1878 G.
1533 1803 1746 1896 Schiitzius‚
1773 1810 1840 1907 qui
1860 1792 2084 1884 Ciceronem

268 1957 369 2021 certe
409 1941 574 2016 multum
611 1937 800 2025 tractavit,
839 1934 1029 2036 aliquanto
1067 1931 1140 2006 fuit
1180 1928 1375 2004 audacior:
1409 1927 1470 2000 cui
1494 1927 1617 2000 visum
1656 1941 1725 2018 est,
1763 1953 1840 2002 uno
1878 1927 2086 2030 eodemque

266 2062 457 2140 solumina
495 2085 555 2136 cas
591 2057 805 2158 complecti,
836 2055 989 2129 adiectis
1022 2051 1183 2153 epistolis
1214 2049 1388 2123 Ciceroni
1423 2047 1472 2122 ad
1505 2049 1558 2122 Μ.
1602 2051 1765 2122 Brutum
1803 2062 1841 2121 et
1877 2049 1931 2123 Μ.
1969 2054 2084 2124 Bruto

266 2185 317 2260 ad
342 2183 562 2258 Ciceronem
585 2175 794 2280 suppositis.
844 2177 890 2250 In
912 2176 973 2248 Jo.
998 2173 1104 2274 Casp.
1131 2171 1281 2264 Orellii,
1315 2172 1498 2274 diligentis
1522 2171 1593 2245 viri
1626 2184 1663 2244 et
1687 2171 1879 2246 clarissimi
1911 2170 2085 2263 bominis,

265 2303 438 2379 inchoata
461 2300 677 2376 recensione
702 2297 890 2385 omnium,
916 2289 1260 2394 ‘quadrupersunu
1296 2293 1486 2368 Ciceronis
1510 2293 1737 2393 scriptorum
1767 2292 1873 2366 locus
1906 2294 1957 2367 eis
1991 2293 2087 2367 adsi-

267 2435 400 2526 gnatus
424 2433 489 2511 est,
514 2421 554 2494 in
579 2443 694 2520 quem
716 2416 805 2490 libri
829 2415 1017 2516 compulsi
1038 2427 1126 2487 sunt
1150 2411 1257 2488 dubii
1283 2427 1321 2486 et
1344 2414 1584 2514 supposititii,
1622 2425 1707 2513 post
1726 2414 1863 2514 scripta
1885 2412 1934 2488 ad
1967 2427 2086 2491 artem

268 2541 494 2619 rhetoricam
517 2537 763 2638 pertinentia;
797 2547 841 2608 ut
869 2534 932 2608 ael
963 2536 1040 2634 ipse
1066 2532 1172 2608 locus
1200 2534 1464 2608 declamatorio
1494 2531 1619 2606 studio
1645 2535 1872 2632 conscriptas
1897 2559 1974 2610 esse
2001 2536 2087 2610 insi-

266 2663 438 2740 mularet.
486 2659 551 2733 Fr.
576 2655 621 2745 A
646 2653 853 2744 Nobbeius,
885 2651 1137 2755 philosophiae
1161 2655 1320 2744 Doctor,
1353 2654 1419 2754 qui
1451 2678 1550 2727 anno
1579 2654 1770 2753 superiore
1801 2652 1918 2726 Tullii
1950 2655 2087 2756 scripta

266 2782 387 2856 edidit
411 2804 488 2854 uno
502 2777 692 2852 volumine
718 2773 994 2875 comprehensa,
1019 2771 1237 2847 Schiitzium
1260 2787 1452 2873 sequutus,
1479 2786 1641 2873 quatuor
1652 2774 1795 2873 priores
1807 2773 1991 2848 orationes
2005 2787 2089 2875 post

264 2901 489 3001 Philippicas
514 2895 729 2988 collocavit;
754 2896 925 2993 quintam
948 2918 1050 2982 vero,
1075 2917 1146 2992 pro
1170 2893 1224 2966 Μ.
1250 2893 1441 2983 Marcello,
1467 2907 1510 2966 ut
1532 2919 1758 2994 germanam,
1784 2918 1854 2969 suo
1878 2892 1963 2968 loco
1977 2919 2085 2992 repo-

265 3025 340 3096 suit
363 3031 518 3121 proptcr
541 3017 692 3088 inventa
713 3025 885 3085 aeterum
910 3013 949 3084 in
975 3010 1071 3085 banc
1096 3013 1303 3086 orationem
1328 3010 1566 3086 Scholiorum
1590 3011 1815 3112 fragmenta,
1849 3009 1964 3116 qu'ae,
1989 3013 2082 3115 Aug.

265 3141 377 3230 Maio,
402 3139 467 3239 qui
492 3161 615 3236 nuper
639 3132 832 3224 invenerit,
858 3145 1021 3220 auctore,
1046 3131 1246 3207 videantur
1269 3132 1416 3206 Asconii
1442 3131 1596 3207 Pediani
1620 3159 1708 3207 esse.

360 3283 417 3355 Ac
440 3281 568 3382 plures
594 3277 686 3350 baec
712 3275 867 3376 quidem
891 3276 1009 3348 oratio
1035 3274 1247 3350 defensores
1275 3291 1382 3351 nacta
1407 3291 1472 3351 est.
1523 3277 1699 3372 Quorum
1729 3281 1897 3380 primus,
1928 3294 1974 3354 ut
1997 3306 2085 3354 ano-

265 3427 398 3504 nymos
424 3398 607 3502 quosdam
631 3396 718 3470 libri
743 3394 920 3468 Wolfiani
946 3419 1117 3468 censores
1142 3398 1326 3487 omittam,
1353 3397 1469 3471 Olaus
1492 3400 1706 3490 Wormius,
1738 3401 1921 3474 litterator
1944 3403 2085 3490 Dauus,

266 3523 339 3598 fuit
363 3527 417 3620 3);
443 3519 641 3609 secundus,
667 3519 697 3591 si
722 3519 812 3590 licet
837 3515 1035 3589 Kalavium
1058 3519 1272 3617 praeterire,
1302 3519 1411 3590 cuius
1431 3517 1528 3591 liber
1553 3523 1749 3619 perpaucis
1774 3522 1955 3612 innotuit,
1978 3522 2083 3594 Beni.

267 3645 464 3731 Weislrius,
490 3645 549 3716 vir
572 3639 760 3740 permagni
786 3637 946 3710 nominis
972 3637 1011 3708 in
1037 3637 1238 3710 Germania
1262 3637 1312 3734 4).
1361 3639 1508 3711 Tertius
1534 3639 1691 3726 exstitit,
1730 3651 1929 3738 postquam
1962 3641 2005 3710 G.
2038 3638 2082 3713 L.

267 3767 513 3870 Spaldingius,
537 3767 597 3838 vir
619 3759 882 3851 nobilissimus,
908 3769 1125 3858 argumenta
1147 3753 1278 3833 Wollii
1303 3755 1524 3832 confirmare
1549 3769 1586 3828 et
1611 3783 1744 3857 augere
1771 3774 1924 3834 conatus
1956 3773 2010 3833 est
2035 3763 2085 3860 ὅ).

264 3890 309 3963 A.
334 3889 382 3986 L.
404 3887 452 3960 G.
476 3882 650 3972 Jacobus,
676 3880 912 3956 doctissimus
937 3879 1098 3968 iuvenis,
1131 3876 1198 3978 qui
1223 3876 1399 3967 coniecit,
1432 3903 1515 3954 eam
1538 3902 1662 3980 neque
1688 3880 1842 3954 omuino
1867 3881 2081 3980 genuinam,

298 4151 325 4220 ι)
344 4151 384 4208 Μ.
403 4150 480 4204 Tulli
506 4149 663 4216 Ciceronis,
689 4167 760 4222 quas
788 4152 872 4223 vulgo
897 4150 1038 4218 teruntur,
1064 4151 1202 4206 arationes
1223 4158 1355 4223 quatuor,
1376 4156 1441 4222 post
1459 4145 1580 4204 reditum
1599 4145 1628 4203 in
1649 4147 1767 4215 Senatu,
1795 4149 1830 4202 ad
1860 4150 1983 4221 Quirites
2012 4155 2076 4220 post

340 4237 473 4305 reditum,
499 4255 550 4308 pro
574 4241 664 4292 Domo
691 4257 741 4292 sus
766 4239 802 4292 ad
830 4241 998 4306 Pontifices,
1019 4238 1054 4291 de
1083 4240 1263 4312 Haruspicum
1288 4240 1434 4309 responsis.
1473 4241 1661 4310 lieeognorit,
1687 4237 1936 4293 animadversiones
1961 4239 2080 4309 integras

339 4327 364 4382 J.
381 4327 538 4383 Marklaudi
559 4335 587 4381 et
605 4329 633 4385 J.
651 4328 688 4380 Μ.
710 4329 824 4383 Gesneri
843 4346 959 4402 suasque
979 4327 1081 4382 sdiecit
1100 4330 1175 4388 suu.
1194 4333 1262 4402 Aug.
1283 4329 1409 4383 Wollius.
1450 4329 1570 4382 berolini
1594 4333 1675 4388 isos.
1696 4330 1724 4387 8.

377 4419 416 4474 Μ.
434 4417 510 4470 Tulli
531 4417 685 4483 Ciceronis,
711 4434 781 4489 quae
806 4419 889 4489 vulgo
917 4417 1020 4482 sertus,
1048 4421 1137 4472 oratio
1162 4435 1213 4488 pso
1238 4419 1277 4476 Μ.
1295 4417 1437 4476 Marcello.
1476 4418 1661 4488 Recognorit,
1689 4415 1937 4470 animadversiones
1965 4416 2079 4469 selectas

338 4505 507 4576 superiorum
526 4506 707 4577 interpretum
726 4517 843 4579 suasque
862 4506 964 4584 adiecit
982 4506 1055 4562 Frid.
1074 4507 1142 4578 Aug.
1163 4507 1289 4564 Wollius.
1325 4507 1447 4559 Berolini
1474 4509 1554 4565 sios.
1573 4508 1601 4563 8.

288 4607 316 4674 a)
337 4605 367 4658 st
387 4606 511 4676 quintam
529 4608 675 4676 exceperis,
696 4625 778 4680 quam
796 4603 913 4661 Reckius
933 4623 990 4660 non
1010 4605 1099 4660 edidit
1118 4623 1169 4660 nec
1189 4607 1301 4677 publice
1322 4607 1449 4659 Ciceroni
1468 4605 1650 4664 abiudicavit.

294 4713 323 4780 3)
343 4711 382 4770 Μ.
401 4712 478 4764 Tulli
498 4712 635 4767 Ciceronis
655 4718 807 4770 orationem
827 4731 876 4787 pro
898 4715 937 4772 Μ.
957 4713 1089 4767 Marcello
1107 4713 1221 4778 sodales
1238 4718 1404 4788 suspicione,
1424 4733 1505 4786 quarn
1518 4731 1604 4786 nuper
1619 4713 1763 4768 iniiciebat
1776 4713 1850 4772 Frid.
1865 4717 1934 4784 Aug.
1948 4713 2076 4784 Wollius,

341 4819 368 4859 v,
386 4817 420 4866 e„
441 4799 557 4853 liberare
576 4812 689 4856 conatus
709 4813 751 4857 est
772 4805 856 4858 Olaus
876 4803 1022 4870 Wormius,
1043 4803 1116 4861 Psoi.
1136 4811 1164 4856 et
1181 4807 1279 4858 liector
1298 4804 1408 4856 scholae
1429 4803 1586 4859 lloterness.
1606 4804 1728 4856 llavniae
1751 4805 1833 4860 1803.
1855 4806 1883 4860 8.

292 4903 320 4972 A)
341 4901 556 4954 Commentarius
576 4913 722 4971 perpetuus
743 4913 771 4958 et
798 4907 895 4974 plenas
919 4906 949 4958 in
974 4907 1128 4959 orationem
1154 4905 1192 4962 Μ.
1212 4905 1299 4958 ΤιιΙΙὶἰ
1319 4905 1457 4959 Ciceronis
1487 4921 1537 4975 pro
1565 4903 1602 4962 Μ.
1628 4905 1760 4956 Marcello
1790 4922 1851 4957 cuns
1871 4901 2022 4975 appendice
2043 4901 2077 4954 de

338 4993 472 5054 oratione,
494 5007 564 5061 quae
584 4992 667 5064 vulgo
688 4991 789 5058 fertur,
815 4995 854 5051 Μ.
873 4993 962 5046 ΤιιΙΙίἰ
983 4993 1122 5048 Ciceronis
1140 5010 1191 5065 pro
1212 4993 1248 5066 Q.
1265 4995 1508 5068 Ligario‚auctore
1526 4993 1669 5046 Beniamin
1690 4991 1810 5048 Weiske.
1849 4991 1879 5050 A.
1901 4991 1939 5048 Μ.
1965 4989 2076 5044 scitalas

297 5089 300 5096 ’
337 5080 472 5150 portentis
492 5095 579 5148 nuper
597 5066 697 5136 edicet.
718 5083 792 5149 Lips.
814 5086 898 5139 1805.
918 5084 945 5137 8.

292 5177 320 5246 5)
340 5177 405 5239 Vid.
423 5179 547 5233 Alcaeum
566 5181 742 5252 antiquitatis
761 5180 923 5238 stadiorum·
956 5183 1046 5255 Opera
1065 5183 1096 5242 F.
1114 5185 1146 5241 A.
1166 5183 1260 5236 Woldi
1290 5191 1318 5238 et
1337 5183 1409 5243 Phil.
1427 5183 1597 5238 liuttmanni.
1623 5181 1813 5242 Vol.1.lasc.
1839 5201 1862 5239 s.
1881 5181 1972 5241 Resol.
1993 5183 2080 5244 tdods
