4724 6010
1921 387 2019 466 XXI

196 598 240 660 ut
276 583 438 686 angustis
470 579 611 656 linibus
642 579 732 656 bnic
763 577 893 655 libello
924 577 1162 682 praescriptis
1192 601 1321 654 omnes
1353 578 1537 654 contineri
1567 577 1674 654 nullo
1704 577 1821 654 modo
1853 581 2019 682 possint3

197 727 345 778 necesse
371 714 444 792 est,
480 712 524 774 ut
555 693 767 772 dividamus
801 709 839 771 et
867 708 1013 799 partem
1042 693 1233 797 quandam
1265 697 1478 800 seligemus,
1521 721 1567 770 ex
1599 697 1748 799 quade
1774 699 1929 800 reliquis
1953 724 2021 800 per

196 823 451 900 coniecturam
474 813 637 892 iudicari
660 818 786 917 possit.
813 816 858 890 In
883 841 961 918 quo
985 815 1225 890 manifestum
1250 829 1315 906 est,
1340 819 1371 891 si
1391 815 1628 891 difficillimos
1653 815 1754 890 locos
1780 816 1959 917 expedire
1984 830 2021 891 et

195 939 470 1045 suspicionibus
495 936 653 1012 liberare
679 938 885 1038 contigerit,
910 961 983 1026 eos,
1010 939 1076 1037 qui
1102 935 1304 1011 levioribus
1329 938 1444 1010 notati
1470 937 1544 1010 sint
1557 936 1789 1025 criminibus,
1816 935 2022 1012 eademvia

196 1085 241 1136 ac
255 1060 397 1134 ratione
409 1055 555 1131 facilins
568 1054 720 1128 defendi
728 1077 846 1155 posse.
862 1052 1131 1149 Quamobrem,
1141 1053 1170 1126 si
1180 1051 1245 1152 qui
1256 1064 1378 1135 erunt,
1388 1051 1538 1153 quibus,
1546 1049 1611 1124 has
1620 1052 2021 1130 orationesaCicerone

195 1180 350 1280 scriptas
376 1201 463 1267 esse,
488 1201 565 1250 non
586 1176 701 1277 possit
723 1174 959 1278 persuaderi,
983 1175 1055 1248 nisi
1080 1171 1248 1246 refutatis
1262 1169 1438 1246 omnibus
1452 1171 1845 1263 animadversionibus,
1869 1171 2021 1274 bisqui-

197 1303 286 1378 dem
308 1300 542 1403 pollicemur,
566 1295 674 1374 brevi
698 1310 865 1398 tempore
891 1293 1177 1372 commentarios
1199 1293 1239 1366 in
1264 1291 1426 1393 singulas
1451 1291 1773 1367 orationesnostra
1796 1317 1910 1394 opera
1933 1317 2022 1393 pro-

198 1422 344 1498 dituros
368 1443 461 1509 esse,
500 1415 704 1518 inquibus
728 1443 776 1490 ne
801 1418 1018 1491 tenuissima
1045 1413 1202 1517 quidem
1226 1413 1389 1515 suspicio
1415 1412 1583 1514 neglecta
1613 1413 1660 1488 sit
1697 1414 1783 1508 (nisi
1816 1413 1913 1488 forte
1943 1427 2022 1490 tam

199 1541 296 1615 dura
319 1539 434 1614 fuerit
458 1537 571 1612 buius
594 1536 805 1637 scriptionis
830 1534 1001 1625 fortuna,
1039 1548 1083 1609 ut
1108 1533 1266 1608 eandem
1298 1558 1429 1608 rursus
1454 1534 1615 1636 experiri
1646 1536 1687 1608 in
1711 1533 1781 1609 bac
1809 1559 1919 1610 causa
1942 1560 2020 1608 non

198 1659 370 1735 videatur
394 1659 488 1732 utile
504 1660 620 1754 esse):
645 1659 711 1758 qui
727 1669 854 1732 autem
869 1656 994 1730 minus
1005 1656 1212 1756 pertinaces
1227 1666 1340 1729 erunt
1354 1667 1391 1728 et
1410 1655 1604 1755 aequiores
1624 1653 1778 1744 iudices,
1800 1679 1870 1757 pro
1886 1655 2025 1754 quibus

197 1776 289 1854 baec
313 1781 453 1880 scripta
477 1790 531 1853 est
554 1776 766 1880 disputatio,
792 1776 830 1851 hi
855 1777 1066 1876 permoveri
1100 1800 1140 1850 se
1164 1777 1367 1878 patientur,
1397 1789 1441 1852 ut
1466 1775 1643 1877 equidem
1666 1800 1795 1876 spero,
1825 1775 1855 1848 si
1874 1775 1978 1848 locos
2001 1801 2024 1847 a

195 1894 334 1972 sectio
359 1909 521 1986 notatos,
547 1909 591 1969 nt
613 1897 883 1986 vitiosissimos,
924 1910 962 1971 et
993 1921 1040 1972 ex
1073 1894 1213 1997 quibus
1243 1894 1543 1970 commodissime
1581 1894 1840 1970 declamatoris
1875 1897 2020 1970 inscitia

196 2019 366 2120 cognosci
391 2016 522 2118 possit,
559 2018 658 2092 vitiis
683 2019 837 2094 omnino
860 2042 994 2093 vacare
1022 2028 1060 2090 et
1083 2044 1105 2090 a
1130 2016 1320 2092 Ciceronis
1338 2016 1552 2118 eloquentia
1572 2042 1649 2091 non
1667 2016 1807 2089 alienos
1819 2040 1895 2088 esse
1912 2013 2020 2088 intel-

195 2143 363 2217 lexerint.
390 2141 452 2214 Ad
477 2140 543 2216 bos
568 2141 683 2241 igitur
706 2140 810 2216 locos
835 2137 1094 2214 defendendos
1118 2139 1298 2212 succincti
1322 2162 1428 2210 nunc
1453 2136 1711 2238 digrediamur
1732 2148 1890 2237 oportet.

292 2263 321 2334 I.
346 2263 506 2336 Beckius
532 2260 580 2334 de
604 2261 772 2334 oratione
796 2274 882 2361 post
900 2257 1067 2334 reditum
1080 2259 1119 2332 in
1134 2259 1272 2332 Senatu
1290 2257 1499 2332 siciudicat
1512 2259 1552 2330 in
1572 2282 1716 2332 excurs.
1742 2255 1792 2331 ad
1814 2259 1878 2334 lv.
1894 2269 2020 2330 matt:

197 2385 374 2472 „Praeter
398 2381 645 2482 dispositionis
671 2381 843 2455 locorum
867 2392 905 2453 et
928 2379 1094 2479 partium
1116 2379 1216 2468 vitia,
1238 2387 1338 2479 ‘quae
1366 2380 1407 2452 in
1432 2381 1598 2453 oratione
1630 2379 1677 2452 de
1703 2379 1841 2478 scripto
1867 2379 2020 2451 recitata

198 2503 367 2578 excusari
392 2512 598 2603 nequeant,
630 2497 807 2600 leguntur
830 2498 951 2599 plura,
977 2522 1074 2599 quae
1099 2523 1188 2574 cum
1213 2496 1366 2572 historia
1391 2497 1545 2574 illorum
1569 2513 1784 2597 temporum
1807 2522 1885 2573 non
1909 2496 2018 2572 facile

200 2623 449 2701 concilientur
472 2626 518 2718 (e.
544 2624 579 2698 3.
605 2623 640 2714 4.
667 2620 700 2694 5.
725 2647 759 2723 7.
791 2643 844 2693 12.
876 2619 963 2716 14),
987 2643 1064 2694 non
1088 2645 1208 2720 pauca
1239 2620 1395 2721 puerilis
1426 2623 1576 2723 ingenii,
1613 2620 1801 2694 affectatae
1832 2619 2018 2711 dictionis,

195 2745 476 2844 verborumque
501 2755 633 2818 contra
656 2741 734 2816 Cic.
761 2764 874 2816 usum
899 2737 1080 2841 loquendi
1106 2753 1375 2841 usurpatorum
1400 2740 1570 2841 exempla
1593 2744 1642 2836 (2.
1665 2767 1698 2843 7.
1731 2745 1840 2836 tt.).“

290 2865 583 2967 Dispositionem
608 2862 780 2938 locorum
804 2873 842 2935 et
863 2862 1029 2962 partium
1054 2861 1093 2932 in
1117 2857 1188 2934 bac
1212 2862 1380 2934 oratione
1406 2887 1483 2935 non
1497 2857 1612 2935 modo
1626 2887 1704 2934 non
1719 2861 2017 2962 vituperandam,

194 2981 261 3062 sed
286 2983 495 3059 admodum
518 2980 746 3056 laudandam
771 3006 860 3070 esse,
885 3004 932 3052 ex
955 2993 1188 3079 argumento,
1214 2980 1320 3082 quod
1344 2981 1472 3083 paucis
1494 2979 1714 3070 describam,
1740 2980 1931 3081 intelliges.
1957 2981 2019 3054 Ab

193 3105 302 3178 initio
326 3104 428 3177 enim
451 3114 576 3176 orator
594 3100 747 3177 Senatui
773 3100 958 3188 universo,
985 3097 1122 3173 deinde
1143 3100 1427 3200 magistratibus,
1453 3101 1489 3172 b.
1503 3127 1547 3190 e.,
1572 3101 1810 3190 Consulibus,
1836 3100 2017 3176 Tribunis

191 3224 244 3324 pl.
272 3236 309 3296 et
334 3221 581 3312 Praetoribus,
607 3223 776 3296 animum
799 3245 870 3320 pro
895 3243 1041 3292 summo
1067 3217 1107 3292 in
1131 3243 1169 3292 se
1198 3219 1336 3294 collato
1367 3218 1551 3296 beneficio
1576 3223 1825 3322 gratissimum
1849 3235 2017 3312 testatur,

191 3347 242 3419 ita
268 3355 310 3417 ut
335 3343 487 3442 castiget
510 3341 622 3416 simul
648 3340 855 3416 Gabinium
895 3352 932 3413 et
955 3337 1143 3429 Pisonem,
1185 3341 1252 3439 qui
1290 3367 1389 3415 anno
1422 3342 1615 3441 superiore
1640 3342 1820 3416 Consules
1844 3340 2016 3436 fuerant3

194 3457 301 3533 addit
324 3458 456 3533 laudes
479 3458 685 3558 singulares
708 3464 747 3530 P.
772 3456 938 3550 Lentuli,
964 3457 1032 3530 Cn.
1045 3459 1223 3563 Pompeii,
1250 3460 1295 3534 Τ.
1310 3459 1436 3553 Annii,
1461 3466 1500 3536 P.
1521 3462 1648 3552 Sextii,
1668 3489 1762 3564 quos
1776 3463 1902 3554 duces,
1914 3465 2019 3562 prin·

194 3580 295 3680 cipes
309 3592 422 3682 atque
446 3593 616 3654 auctores
632 3603 718 3652 suae
734 3578 861 3652 salutis
875 3590 1006 3669 vocat3
1030 3592 1113 3653 tum
1138 3578 1303 3654 breviter
1327 3580 1474 3655 reddita
1499 3583 1641 3656 ratione
1656 3583 1907 3673 consiliorum,
1933 3586 2017 3685 qui-

191 3699 265 3774 bus
288 3703 329 3772 in
352 3700 472 3800 patria
495 3697 745 3800 relinquenda
768 3723 859 3774 usus
883 3700 940 3791 sit,
967 3697 1014 3772 ad
1039 3698 1317 3798 perorationem
1342 3698 1546 3790 descendit,
1573 3727 1648 3802 qua
1665 3717 1891 3804 perpetuum
1903 3729 2014 3779 suum

193 3821 242 3896 de
268 3822 413 3896 civitate
439 3820 536 3895 bene
561 3819 732 3895 merendi
757 3819 925 3894 studium
948 3819 1159 3920 pollicetur.

287 3943 469 4034 Interea,
496 3969 592 4046 quae
618 3969 707 4018 cum
730 3940 883 4018 historia
908 3942 1061 4016 illorum
1085 3954 1303 4044 temporum
1326 3965 1404 4016 non
1429 3939 1538 4015 facile
1564 3943 1824 4036 concilientur,
1849 3949 2017 4047 primum

191 4064 352 4156 honest,
379 4063 484 4166 quod
509 4089 541 4138 c.
567 4065 602 4139 3.
632 4063 810 4138 Consulis
822 4064 964 4167 fasces
977 4063 1111 4166 fracti
1135 4062 1328 4138 dicuntur.
1354 4062 1449 4136 Nam
1474 4063 1631 4166 intelligi
1655 4065 1789 4141 volunt
1813 4067 2014 4144 adversarii

191 4187 231 4260 P.
258 4184 474 4272 Lentulum,
499 4183 607 4256 cuins
631 4182 748 4256 fasces
772 4181 909 4256 fractos
934 4209 1022 4273 esse,
1050 4209 1160 4258 nemo
1185 4182 1256 4255 nisi
1284 4180 1395 4256 huius
1415 4195 1451 4256 et
1469 4187 1658 4285 sequentis
1683 4189 1861 4263 orationis
1883 4202 2015 4262 auctor

191 4302 325 4377 tradat.
349 4303 476 4382 Verba
500 4304 691 4403 scriptoris
716 4315 823 4376 sunt:
848 4303 962 4399 „Quo
988 4303 1144 4404 quidem
1169 4316 1348 4405 tempore,
1376 4333 1496 4407 quum
1520 4308 1549 4380 is
1576 4310 1803 4401 excessisset,
1829 4313 1894 4408 qui
1909 4310 2015 4384 caedi

191 4435 230 4496 et
251 4421 418 4497 flammae
442 4423 548 4498 vobis
572 4423 788 4498 auctoribus
813 4423 1014 4512 restiterat,
1049 4448 1138 4498 cum
1161 4422 1264 4499 ferro
1290 4438 1327 4498 et
1350 4425 1512 4500 fascibus
1538 4425 1706 4501 homines
1730 4440 1806 4502 tota
1831 4430 1926 4503 urbe
1951 4457 2016 4507 ro-

191 4541 352 4631 litantes,
376 4545 660 4644 magistratuum
685 4556 781 4617 tecta
806 4545 1037 4644 impugnata,
1065 4542 1225 4619 deorum
1256 4545 1394 4645 templa
1428 4547 1667 4640 inflammata,
1705 4552 1841 4626 summi
1873 4553 1944 4628 viri
1978 4568 2015 4627 et

191 4660 384 4736 clarissimi
404 4663 564 4736 consulis
590 4663 705 4737 fasces
729 4661 866 4736 fractos
890 4660 1070 4736 vidistis.“

288 4783 333 4857 In
359 4781 497 4884 quibus
523 4781 735 4884 explicandi
760 4805 873 4856 causa
894 4781 1038 4856 adiecta
1063 4797 1151 4856 sunt
1174 4783 1300 4874 verba,
1317 4809 1436 4887 quum
1460 4788 1495 4858 is
1519 4791 1764 4878 excessisset,
1778 4796 2015 4894 qui-resti-

191 4915 305 4987 terat,
330 4915 445 4975 utne
471 4905 556 5004 quis
581 4903 686 4977 aliud
709 4919 867 5005 tempus,
892 4928 1007 5004 quam
1032 4900 1136 5003 quod
1161 4903 1294 4976 Cicero
1320 4905 1358 4976 in
1384 4905 1513 4978 exsilio
1536 4905 1647 5006 degit,
1674 4909 1865 5009 intelligat.
1897 4907 2013 5008 Atqui

190 5019 339 5096 Tadius
364 5047 410 5096 en
436 5023 531 5098 urbe
557 5025 666 5098 cessit
689 5048 815 5097 mense
841 5023 979 5096 Martio
1005 5050 1037 5095 a.
1063 5023 1108 5096 U.
1135 5023 1239 5120 696„
1266 5023 1492 5100 Consulibus
1505 5027 1548 5098 L.
1575 5029 1707 5102 Pisone
1733 5043 1769 5102 et
1783 5030 1826 5101 A.
1842 5025 2015 5102 Gabinio.

189 5144 275 5217 Post
300 5145 379 5221 eius
404 5141 612 5221 discessum
637 5146 676 5220 in
700 5143 867 5220 tumultu
900 5142 1066 5246 quodam
1099 5143 1269 5219 eiusdem
1303 5147 1391 5220 anni
1428 5147 1544 5223 fasces
1571 5147 1720 5224 Gabinii
1753 5148 1889 5222 fractos
1926 5173 2014 5236 esse,
