4724 6010
1959 365 2016 441 XI

163 578 455 657 §naboinoeuimir
473 577 659 656 rivKuloupu
677 575 746 656 πρὸς
758 572 821 644 τούς
839 574 935 646 φίλους
953 569 1008 640 „ti
1023 565 1118 629 aoth·
1130 562 1175 624 dui
1180 561 1441 644 xpdroulttxipuroc
1449 561 1563 626 ἀκοῦσαι
1577 569 1711 644 λέγοντος,
1732 570 1787 629 had
1799 567 1885 630 ntur
1896 575 2012 652 sirpeam

166 683 306 762 πονηρὸς
325 679 394 760 ἀνὴρ
413 680 459 740 ‚at
475 681 635 754 murus?
659 670 701 743 ln
729 669 867 770 quibus
892 657 1108 739 dubitanter
1132 679 1322 750 narratur,
1351 663 1469 764 quod,
1498 668 1609 738 etiam
1634 668 1662 738 si
1688 689 1757 766 pro
1785 683 1887 743 certo
1913 670 2011 742 affir-

166 814 367 885 maretur,
391 791 487 867 nihil
511 787 686 865 efficeret.
710 787 805 858 Nam
829 791 875 850 διὰ
891 789 992 870 χρόνον
1017 807 1094 854 non
1118 779 1299 881 significat
1324 795 1428 854 tanto
1451 782 1669 869 intervallo,
1718 785 1823 884 quod
1846 785 2008 860 Wolfius

169 930 330 990 temere
356 911 493 997 statuit,
518 905 585 980 sed
610 902 805 978 intervallo
829 913 894 972 aut
914 916 1077 998 tempore
1110 900 1334 984 interiecto,
1372 896 1476 996 quod
1500 898 1559 970 vel
1586 898 1730 998 longius
1754 901 1812 974 vei
1840 900 2009 995 brevius,

171 1057 305 1130 quam
329 1027 473 1126 aliquot
496 1021 696 1106 meusium,
718 1043 794 1090 esse
819 1017 943 1114 possit,
968 1030 1083 1116 prout
1106 1015 1165 1088 vel
1189 1019 1274 1078 aaut
1299 1015 1358 1086 vel
1383 1017 1460 1097 0'tt7s
1485 1015 1682 1114 cogitando
1716 1015 1905 1090 addideris
1936 1033 2007 1116 19),

170 1151 216 1220 Si
245 1170 341 1220 vero
368 1142 518 1226 Caesar,
561 1149 652 1210 teste
678 1134 897 1222 Plutarcho,
930 1146 1013 1232 post
1032 1133 1188 1234 aliquod
1211 1134 1386 1233 temporis
1418 1131 1671 1218 intervallum,
1700 1133 1920 1207 Ciceronem
1938 1161 2008 1233 pro

172 1263 341 1364 Ligario
367 1256 554 1331 dicentem
579 1250 732 1341 audivit,
757 1251 926 1353 proiecto
952 1277 1099 1326 necesse
1125 1268 1201 1342 est,
1235 1266 1278 1324 ut
1301 1249 1473 1324 nondum
1498 1249 1713 1347 interposito
1747 1248 1812 1321 illo
1838 1262 2006 1350 tempore

135 1449 140 1456 .
171 1381 288 1456 idem
313 1381 444 1454 Cicero
468 1374 515 1449 ab
541 1372 674 1448 eodem
689 1370 842 1443 Caesare
868 1369 1018 1443 auditus
1032 1371 1089 1458 sit,
1115 1369 1224 1442 aliam
1238 1365 1428 1466 quandam
1444 1366 1651 1438 orationem
1668 1364 1807 1448 dicens.
1833 1372 2005 1444 Potestne

173 1511 323 1584 autem,
349 1521 468 1595 quum
493 1506 577 1566 ante
603 1492 736 1588 gratias
749 1491 894 1564 Caesari
919 1503 1015 1562 actas
1041 1489 1230 1562 silentium
1255 1486 1324 1559 sibi
1341 1485 1473 1558 Cicero
1500 1481 1702 1571 indixisset,
1729 1497 1770 1556 ut
1785 1485 2004 1584 intelligitur

170 1642 224 1688 ex
254 1614 428 1716 epistola,
454 1639 569 1714 quam
593 1635 705 1709 supra
729 1608 972 1698 laudavimus,
997 1621 1174 1707 potestne,
1201 1605 1365 1700 inquam,
1393 1599 1440 1671 de
1466 1600 1536 1672 alia
1561 1598 1638 1671 ulla
1654 1601 1819 1675 oratione
1840 1606 2003 1702 cogitari,

171 1737 252 1810 nisi
280 1735 327 1810 de
352 1760 405 1824 ea,
432 1757 527 1832 quae
553 1755 622 1830 pro
647 1728 827 1802 Marcello
853 1728 953 1801 dieta
978 1727 1057 1800 esti
1081 1721 1269 1798 Plutarchi
1296 1722 1408 1820 igitur
1432 1711 1687 1790 testimonium
1713 1719 1808 1794 illud
1834 1748 1918 1796 meo
1949 1725 2005 1798 iu-

176 1854 286 1928 dicio
312 1853 371 1926 vel
395 1849 600 1938 confirmat,
623 1846 801 1950 pluribus
823 1848 953 1922 uerbis
977 1843 1175 1947 significari
1191 1843 1324 1914 iustam
1338 1835 1554 1922 orationem,
1582 1859 1676 1932 quae
1699 1836 1854 1935 quidem
1874 1840 2003 1914 similis

178 1976 231 2046 sit
258 1971 483 2072 Ligarianae.

283 2093 467 2188 Quartam
488 2089 705 2177 orationem,
732 2087 779 2160 de
805 2087 1057 2185 Haruspicum
1081 2083 1276 2182 responsis,
1303 2105 1379 2154 non
1394 2092 1659 2152 commemorat
1679 2079 1810 2152 Cicero
1825 2079 1863 2152 in
1887 2080 2002 2168 libris,

177 2215 252 2315 qui
277 2213 326 2286 ad
349 2224 514 2284 nostram
538 2221 694 2282 aetatem
718 2219 971 2308 pervenerunt
995 2207 1069 2302 20).
1096 2201 1169 2274 Sed
1195 2215 1453 2276 accusatorum
1480 2224 1662 2272 consensu
1680 2199 1729 2272 ad
1741 2199 1836 2274 hanc
1850 2227 2002 2300 quoque

181 2335 392 2408 orationem
416 2329 624 2402 testimonia
649 2325 697 2400 de
723 2327 876 2426 reliquis
902 2323 987 2398 data
1018 2322 1208 2397 transferri
1241 2333 1411 2421 possunt3
1451 2319 1480 2390 si
1520 2317 1675 2418 quidem
1705 2345 1802 2392 unus
1835 2323 2005 2396 omnium

182 2466 318 2527 auctor
343 2463 407 2538 est,
432 2449 508 2523 sire
532 2472 654 2536 verus,
680 2447 755 2520 sive
780 2457 998 2546 personatus
1024 2444 1168 2523 Cicero,
1194 2441 1280 2536 Qua
1305 2439 1352 2512 de
1377 2466 1418 2512 re
1446 2438 1603 2512 Wolfius
1629 2441 1666 2511 in
1682 2438 1799 2538 praes,
1817 2440 1881 2520 IV.
1908 2455 1999 2514 orat.

180 2600 221 2673 p.
247 2572 305 2664 44.
353 2566 611 2668 „Reliquimus
644 2561 774 2637 itidem
800 2561 904 2636 aliud
935 2563 1046 2662 quid,
1078 2561 1145 2635 sed
1169 2561 1276 2660 longe
1302 2557 1468 2645 facilius,
1508 2559 1733 2656 cuicumque
1767 2558 1897 2648 libeat,
1938 2559 2002 2632 de-

180 2687 487 2776 monstrandum,
512 2715 534 2759 a
558 2684 665 2758 nobis
690 2708 796 2784 saepe
816 2682 1062 2783 significatum
1085 2683 1189 2755 nulla
1214 2685 1356 2756 ratione
1381 2680 1535 2770 adiecta,
1562 2680 1664 2752 baud
1687 2681 1861 2780 pluribus
1887 2708 2002 2782 quam

183 2810 251 2882 uni
274 2807 417 2880 auctori
441 2805 526 2878 istas
551 2815 713 2904 quatuor
737 2803 920 2875 orationes
942 2801 1160 2876 tribuendas
1185 2829 1273 2884 esse.
1299 2803 1486 2874 Nimirum
1512 2801 1582 2874 hoc
1607 2827 1683 2874 non
1708 2805 1833 2875 minus
1853 2818 2000 2880 certum

182 2927 374 3004 videbitur
399 2950 458 3000 eas
484 2949 560 2998 uno
584 2937 713 2998 tenore
738 2921 960 3021 perlegenti,
986 2947 1099 3022 quam
1124 2945 1253 2994 omnes
1277 2919 1401 2994 adhuc
1429 2921 1600 2995 Ciceroni
1625 2947 1693 3022 per
1730 2948 1897 2997 errorem
1922 2948 1999 2998 esse

183 3047 427 3145 adscriptas.“
451 3056 488 3116 et
513 3045 552 3116 in
577 3041 694 3142 praef.
721 3043 838 3114 Marc.
871 3067 907 3140 p.
936 3042 992 3138 39.
1019 3039 1136 3129 „mihi
1173 3037 1327 3141 quidem
1358 3039 1485 3111 intima
1510 3037 1748 3132 familiaritas,
1773 3068 1887 3142 quam
1913 3070 2001 3118 cum

182 3167 284 3242 hisce
310 3163 497 3264 opusculis
522 3161 741 3237 contrahere
767 3160 898 3250 debui,
922 3189 1037 3262 prope
1062 3163 1112 3235 ad
1135 3161 1331 3232 veritatem
1355 3159 1555 3257 persuasit,
1582 3185 1624 3232 ea
1650 3187 1696 3233 ex
1722 3162 1833 3236 unius
1857 3161 1999 3262 opificis

181 3284 371 3372 manibus,
398 3296 498 3357 certe
524 3308 570 3355 ex
593 3283 704 3354 unius
728 3281 876 3356 scholae
902 3283 1052 3356 officina
1077 3283 1257 3355 venisse.“
1280 3279 1325 3350 In
1348 3278 1505 3351 eandem
1529 3283 1746 3352 sententiam
1772 3281 1931 3355 Bechius
1945 3282 1997 3355 lo-

181 3406 312 3506 quitur
328 3405 367 3477 in
378 3427 520 3478 excurs.
535 3399 582 3476 ad
593 3401 652 3476 tv.
669 3414 760 3474 orat.
774 3403 879 3491 „Etsi
893 3404 931 3476 in
943 3402 1089 3476 duabus
1102 3401 1295 3500 postremis
1309 3398 1639 3474 declamationibus
1651 3401 1761 3502 plura
1775 3418 1993 3490 narrantur,

184 3551 298 3626 quam
326 3523 366 3596 in
391 3522 520 3622 primis
554 3519 720 3608 duabus,
755 3533 878 3594 tamen
903 3549 946 3596 ea
977 3535 1032 3596 est
1055 3521 1190 3594 harum
1215 3519 1531 3594 declamationum
1554 3523 1810 3596 convenientia
1835 3525 1995 3598 inomni

180 3642 509 3742 argumentationis
534 3653 571 3713 et
595 3639 767 3713 dictionis
790 3637 923 3727 modo,
949 3652 991 3711 ut
1016 3665 1092 3712 non
1117 3638 1305 3736 pluribus,
1332 3640 1398 3712 sed
1423 3641 1487 3710 uni
1504 3640 1646 3712 auctori
1670 3638 1892 3714 tribuendae
1918 3667 1994 3716 esse

178 3759 270 3834 mihi
296 3785 384 3833 cum
407 3757 547 3836 Wolfio
576 3756 812 3832 videantur.“
842 3756 951 3830 Unde
984 3757 1054 3830 hoc
1084 3755 1262 3848 efficitur,
1297 3773 1340 3832 ut
1364 3758 1412 3832 de
1447 3759 1619 3834 omnibus
1645 3762 1873 3836 orationibus
1907 3789 1995 3837 con-

180 3880 339 3954 iunctim
362 3892 399 3952 et
424 3878 648 3966 universim,
682 3877 786 3978 quasi
812 3875 859 3950 de
884 3902 1039 3978 corpore
1066 3877 1231 3978 quodam
1255 3882 1425 3981 quinque
1448 3883 1631 3983 partium,
1657 3883 1839 3984 disputari
1865 3889 1990 3986 possit.

283 3998 415 4094 Quum
439 3999 552 4099 igitur
583 4025 628 4072 ex
652 3999 870 4072 testimoniis
907 3999 1021 4098 ipsius
1051 3998 1241 4072 Ciceronis
1261 4012 1413 4092 constet,
1438 4000 1623 4073 orationes
1656 4013 1739 4099 post
1761 4001 1926 4078 reditum
1951 4006 1991 4078 in

177 4119 315 4194 Senatu
341 4133 377 4193 et
399 4143 469 4218 pro
495 4117 607 4192 domo
632 4118 747 4193 editas
773 4143 868 4212 esse3
894 4145 1014 4222 quum
1039 4120 1120 4193 iure
1146 4115 1311 4192 dubitari
1334 4143 1411 4192 non
1434 4119 1566 4219 possit,
1594 4121 1821 4222 quinetiam
1857 4124 1992 4197 oratio-

179 4263 245 4312 nes
269 4239 317 4314 ad
353 4238 520 4334 Quirites
558 4252 641 4339 post
671 4237 837 4312 reditum
861 4253 898 4313 et
929 4265 998 4341 pro
1022 4240 1078 4320 M.
1110 4237 1311 4325 Marcello,
1337 4262 1458 4337 quum
1481 4239 1637 4329 habitae,
1663 4253 1745 4315 tum
1770 4243 1926 4342 scriptae
1953 4257 1990 4316 et

179 4357 299 4434 editae
324 4359 413 4432 sint:
438 4372 592 4459 propter
615 4357 907 4450 similitudinem,
934 4387 1029 4461 quae
1055 4385 1143 4434 cum
1168 4355 1240 4430 illis
1264 4355 1461 4430 intercedit
1485 4359 1641 4432 orationi
1668 4357 1715 4432 de
1740 4361 1991 4460 Haruspicum

178 4478 373 4577 responsis,
397 4475 493 4552 banc
517 4502 668 4580 quoque
694 4505 716 4552 a
740 4479 919 4555 Cicerone
945 4483 1194 4582 conscriptam
1218 4503 1294 4552 esse
1320 4481 1519 4556 concedes:
1545 4485 1574 4557 si
1601 4483 1804 4560 duodecim
1828 4490 1988 4582 testium,

178 4621 273 4698 quos
298 4596 421 4670 statim
458 4597 750 4689 nominabimus,
787 4601 1005 4676 auctoritate
1035 4614 1072 4675 et
1101 4605 1318 4694 eriminum,
1345 4631 1441 4706 quae
1467 4607 1601 4680 iniecta
1638 4624 1742 4700 sunt,
1769 4609 1987 4710 depulsione

175 4715 377 4820 probatum
400 4717 480 4806 erit,
505 4719 698 4811 orationes,
725 4717 932 4822 dequibus
956 4722 1071 4823 ipsius
1095 4728 1303 4804 testimonia
1317 4728 1507 4806 Ciceronis
1521 4732 1731 4826 attulimus,
1748 4734 1985 4812 easdemesse

178 4944 224 5016 tp)
248 4941 312 5002 vit.
331 4941 477 4999 Hermann.
496 4940 531 4994 ad
549 4943 641 5014 Viget.
657 4964 685 5018 p.
706 4952 770 5007 856.
793 4949 897 5006 Weirl.
917 4925 1063 5018 comment,
1081 4979 1108 5034 p.
1128 4962 1175 5022 49.
1193 4981 1234 5037 sq.-
1255 4963 1325 5036 linge
1346 4964 1463 5020 husuhr.
1482 4983 1511 5038 p.
1532 4977 1559 5028 t.
1579 4986 1621 5043 sq.

174 5033 224 5101 ιο)
248 5031 307 5085 Hoc
325 5033 413 5102 ipsum
432 5047 467 5083 ne
487 5033 688 5103 quismiretur,
708 5047 834 5108 reputet,
853 5047 1072 5114 superinventa
1091 5067 1148 5104 esse
1167 5052 1318 5123 fragmenta
1338 5055 1470 5109 orationis
1496 5055 1530 5110 de
1549 5074 1611 5114 aere
1630 5061 1724 5116 alieno
1744 5064 1871 5130 Milonis,
1903 5067 1978 5118 cuius

250 5121 357 5178 nullm
376 5121 505 5175 notitiam
524 5122 576 5176 riri
597 5119 672 5178 docti
687 5121 838 5197 habebant,
860 5148 980 5206 nequet
996 5135 1129 5194 Cicerone
1147 5157 1237 5214 aeque
1254 5142 1289 5195 ah
1307 5142 1363 5196 aiio
1384 5146 1526 5216 scriptore.
