4724 6010
1969 485 1972 494 ¹
1993 447 2063 528 Vll

232 657 366 738 'sareu
390 657 579 738 Orationis
593 643 730 747 autem,
747 671 843 758 quae
867 672 972 727 nunc
997 652 1143 754 legitur,
1168 663 1253 754 post
1277 649 1444 726 reditum
1467 649 1507 724 in
1530 647 1679 735 Senatu,
1699 668 1777 719 non
1801 641 1916 719 modo
1940 655 2063 718 totum

240 791 515 881 argumentum,
542 774 609 850 sed
632 773 768 876 singuli
794 775 906 846 etiam
929 773 1001 846 loci
1028 769 1116 846 cum
1142 772 1215 863 illa,
1232 774 1340 870 cuius
1360 768 1562 846 mentiofit
1575 765 1677 870 apud
1695 765 1927 856 Ciceronem,
1952 765 2063 864 plane

241 898 490 988 consentiunt,
529 903 713 994 quantum
746 890 901 992 quidem
933 889 973 963 id
1002 899 1123 991 potest
1153 919 1199 966 ex
1236 891 1457 966 testimoniis
1488 888 1647 963 laudatis
1672 886 1866 961 aestimari.
1915 883 2003 958 vid.
2019 909 2062 982 ⁸e.

239 1043 273 1120 g.
300 1043 332 1099 c.
361 1043 415 1090 ra.
456 1017 532 1105 „Et
558 1037 787 1114 quamquam
811 1024 898 1084 sunt
923 1013 963 1084 in
986 1035 1047 1086 me
1069 1015 1272 1114 praecipua
1294 1016 1428 1089 merita
1463 1013 1681 1101 multorum,
1708 1033 1804 1110 quae
1830 1004 1929 1080 sileri
1955 1001 2062 1088 nullo

239 1136 354 1211 modo
378 1146 544 1237 possunt,
582 1146 708 1206 tamen
740 1129 851 1205 buius
875 1133 1052 1232 temporis
1077 1155 1120 1206 ac
1146 1135 1290 1210 timoris
1314 1136 1387 1210 mei
1413 1161 1490 1209 non
1515 1144 1579 1221 est,
1617 1130 1742 1206 conari
1770 1147 2062 1202 commemorare

228 1254 423 1330 beneficia
472 1255 513 1328 in
559 1279 619 1327 me
652 1249 902 1351 singulorum:
943 1277 1032 1324 nam
1074 1251 1221 1328 dillicile
1265 1269 1318 1330 est
1360 1281 1437 1328 non
1470 1256 1651 1356 aliquem,
1693 1249 1796 1324 nefas
1833 1271 2064 1350 quemquam

239 1379 480 1477 praeterire.“
504 1373 573 1453 Cn.
599 1373 773 1448 Plancius
799 1371 1167 1447 honorificentissime
1193 1377 1414 1449 nominatur·
1433 1401 1465 1448 c.
1497 1376 1551 1467 ni.

338 1496 506 1570 Alteram
528 1505 613 1595 post
636 1492 802 1567 reditum
826 1495 1033 1566 orationem
1058 1495 1097 1566 in
1122 1494 1264 1584 eadem,
1292 1519 1387 1596 quae
1412 1493 1562 1568 laudata
1587 1504 1652 1582 est,
1685 1487 1838 1590 epistola
1863 1485 2061 1590 significari

243 1615 432 1691 Ferratius
457 1616 526 1690 hac
551 1617 870 1716 argumentatione
896 1614 1023 1689 docet:
1049 1615 1277 1704 „Postridie
1302 1619 1343 1689 in
1367 1613 1529 1703 Senatu,
1555 1615 1607 1686 ait
1622 1611 1765 1701 Cicero,
1784 1615 1852 1715 qui
1866 1603 1958 1710 fuit
1982 1611 2063 1686 dies

246 1737 448 1810 Nonarum
472 1735 668 1836 septembr.
695 1735 856 1808 Senatui
879 1739 1027 1831 gratias
1051 1736 1208 1832 egimus.
1244 1735 1306 1806 En
1344 1734 1498 1808 alteram
1529 1736 1735 1808 orationem
1765 1747 1849 1834 post
1886 1732 2062 1806 reditum.

245 1853 404 1944 Deinde,
431 1852 657 1955 quibusdam
682 1853 918 1955 interpositis,
944 1855 1113 1929 subiicit:
1143 1855 1229 1953 Quo
1254 1853 1340 1928 Sco
1367 1859 1525 1929 recitato
1550 1854 1612 1952 (de
1637 1880 1678 1928 re
1703 1852 2064 1928 frumentariaPom-

246 1975 332 2074 peio
355 1971 594 2072 mandanda),
620 1999 738 2076 quum
758 1977 926 2076 populus
950 1999 1052 2048 more
1076 1974 1147 2048 boo
1171 1979 1320 2050 insueto
1345 1992 1383 2050 et
1406 2002 1498 2054 novo
1521 1979 1700 2077 plausum
1724 2003 1804 2052 meo
1831 1979 1980 2053 nomine
2005 2001 2064 2048 re-

249 2092 401 2165 citando
425 2093 604 2182 dedisset,
629 2093 746 2167 habui
770 2099 997 2169 concionem.
1036 2094 1162 2189 Quam
1187 2097 1406 2172 concionem
1438 2112 1520 2173 tum
1558 2098 1728 2172 hahuisse
1766 2095 1949 2175 dicendus
1990 2094 2064 2170 esti

247 2211 308 2284 An
333 2227 376 2285 ut
400 2211 612 2287 deferretur
634 2216 811 2314 Pompeio
836 2214 1051 2315 procuratio
1076 2219 1129 2291 rei
1155 2217 1439 2297 frumentariae?
1466 2226 1539 2298 iam
1567 2225 1722 2304 Senatus
1760 2223 1837 2323 ipsa
1868 2219 2063 2293 detulerat.

247 2334 308 2407 An
332 2361 379 2409 ne
404 2337 529 2410 SCum
553 2337 715 2437 populus
741 2337 987 2438 improbaret?
1020 2337 1118 2410 illud
1157 2338 1257 2413 idem
1289 2342 1422 2416 Cicero
1452 2343 1582 2443 populi
1615 2356 1746 2444 rogatu
1783 2325 2066 2435 decernendum

249 2469 601 2557 commeatusque
627 2459 666 2530 in
692 2457 869 2531 solvendo
896 2459 1038 2558 legibus
1064 2471 1209 2558 poterat
1232 2485 1309 2534 non
1343 2461 1472 2534 iubere
1505 2461 1622 2563 plebs,
1657 2461 1762 2562 quod
1798 2462 1954 2534 Senatus
1980 2481 2066 2531 cen·

250 2573 391 2662 suisset,
427 2601 473 2650 ex
509 2575 587 2676 lege
621 2576 803 2652 Cornelia.
851 2578 1001 2652 Scilicet
1026 2577 1151 2652 habita
1174 2584 1305 2655 concio
1332 2593 1386 2655 est
1410 2583 1500 2656 haec
1525 2584 1602 2684 ipsa
1626 2579 1993 2678 adQuiritesoratio.
2019 2619 2068 2640 -·

250 2695 346 2769 llinc
370 2698 443 2768 Dio
467 2695 531 2768 lib.
559 2695 777 2774 XXXVIII.
825 2700 952 2772 Rediit
977 2701 1110 2774 Cicero
1136 2715 1172 2774 et
1196 2705 1343 2800 gratias
1368 2715 1448 2774 tum
1473 2699 1648 2790 Senatui,
1682 2715 1761 2774 tum
1786 2703 1944 2804 populo,
1978 2725 2065 2772 con-

250 2819 357 2888 cione
382 2841 406 2890 a
434 2817 537 2890 Coss.
563 2819 668 2905 data,
694 2823 735 2891 in
760 2819 907 2894 Senatu
931 2825 1031 2895 etin
1056 2827 1237 2896 concione
1262 2827 1351 2921 egit.
1403 2824 1485 2922 Ego
1516 2849 1617 2913 raro,
1653 2823 1741 2896 licet
1778 2821 1819 2896 id
1858 2848 1981 2922 neque
2019 2847 2066 2894 ex

250 2933 390 3023 Tullio,
415 2963 538 3036 neque
564 2963 610 3010 ex
634 2941 753 3012 Dione
779 2953 973 3032 constaret,
1000 2965 1208 3043 numquam
1233 2958 1357 3018 tamen
1383 2939 1557 3014 dubitari·
1572 2967 1677 3043 posse
1701 2951 1883 3041 putarem,
1910 2965 1957 3011 an
1978 2937 2067 3012 huic

250 3055 368 3129 officio
393 3069 470 3131 tam
493 3061 699 3133 necessario
725 3062 953 3137 satisfactum
975 3063 1101 3154 fuerit,
1128 3092 1248 3167 quum
1272 3065 1498 3140 ambitiosus·
1513 3077 1649 3154 orator,
1693 3064 1758 3165 qui
1785 3073 1868 3135 tum
1890 3058 2067 3160 singulari

251 3171 433 3250 beneficio
457 3177 587 3276 populi
613 3180 805 3256 restitutus
829 3183 961 3273 fuerat,
988 3187 1025 3258 in
1051 3183 1164 3258 rebus
1190 3188 1302 3260 etiam
1326 3186 1518 3259 levissimis
1541 3198 1690 3285 gratum
1714 3210 1753 3258 se
1778 3207 1821 3258 ac
1845 3181 2066 3282 popularem

251 3294 484 3392 praestiterit.
526 3295 586 3386 At,
612 3299 771 3399 inquies,
797 3327 867 3375 cur
891 3329 968 3376 non
993 3305 1092 3379 VIII.
1136 3305 1227 3380 Idus
1260 3307 1479 3407 Septembr,
1506 3306 1686 3406 postridie
1717 3307 1907 3394 nimirum,
1951 3326 2066 3401 quam

254 3412 399 3488 dixerat
423 3417 634 3510 insanam,
659 3421 708 3496 ad
740 3423 926 3526 populum
950 3424 1157 3525 productus
1183 3428 1260 3499 estl
1285 3429 1360 3527 ipse
1386 3429 1486 3500 enim
1516 3427 1664 3514 fatetur,
1701 3424 1843 3498 factum
1875 3421 1915 3496 id
1954 3420 2067 3494 fuisse

253 3530 372 3606 biduo
406 3549 499 3634 post.
550 3537 666 3634 Quasi
701 3565 748 3614 ex
777 3543 884 3616 Livio
916 3557 952 3615 et
983 3545 1188 3634 Macrobio,
1222 3561 1265 3618 ut
1295 3545 1382 3620 alibi
1417 3547 1607 3635 admonui,
1640 3545 1879 3619 manifestum
1904 3543 2063 3628 nonsit,

253 3653 431 3750 postridie
457 3682 585 3731 omnes
608 3661 689 3733 Kal.
714 3661 838 3735 Nonas
863 3675 899 3734 et
924 3662 1014 3735 Idus
1039 3676 1137 3740 atros
1163 3665 1242 3739 dies
1269 3691 1315 3739 ex
1340 3663 1564 3739 Pontificum
1588 3663 1739 3736 decreto
1764 3662 1888 3750 fuisse,
1928 3657 2067 3760 quibus
2163 3753 2169 3761 ι

252 3775 411 3874 proinde
450 3779 586 3854 habere
619 3783 769 3856 comitia
805 3793 842 3857 et
874 3809 1007 3859 vocare
1040 3786 1223 3887 populum
1253 3783 1301 3859 ad
1337 3787 1556 3859 concionem
1594 3809 1671 3856 non
1706 3783 1853 3856 licebat.
1904 3783 1964 3854 Sic
1989 3803 2067 3852 non

252 3897 432 3996 postridie
457 3901 590 3989 Nonas,
613 3900 679 3975 sed
702 3902 820 3977 biduo
847 3918 938 4004 post,
976 3905 1073 3979 sacto
1103 3909 1177 3980 iam
1206 3907 1287 3981 SCo
1323 3905 1370 3980 de
1405 3908 1458 3980 rei
1491 3905 1756 3980 frumentariae
1790 3903 2065 4004 procuratione,
2119 3991 2122 3998 Ι

253 4013 339 4090 data
364 4033 419 4091 est
442 4021 613 4095 Ciceroni
639 4027 770 4098 concio
790 4055 811 4100 a
835 4029 1144 4127 magistratibus.“
1182 4027 1289 4123 Quae
1322 4029 1536 4102 coniectura
1567 4027 1725 4101 Ferratii
1765 4023 1903 4102 Wolfio
1934 4047 2069 4123 parum

253 4134 456 4235 probabilis
479 4139 633 4216 ridetur
655 4160 810 4244 propter
834 4147 1023 4221 silentium
1049 4150 1249 4236 Ciceronis,
1276 4150 1342 4249 qui
1368 4175 1488 4248 quum
1512 4146 1657 4220 tantillo
1673 4143 1866 4218 intervallo
1887 4141 1934 4214 de
1953 4141 2068 4214 altera

254 4259 455 4352 gratiarum
480 4259 622 4335 actione
657 4268 887 4356 narravisset,
914 4293 1016 4340 nunc
1042 4266 1199 4340 eandem
1226 4297 1305 4342 rem
1330 4269 1431 4369 apud
1457 4267 1641 4368 populum
1664 4265 1800 4340 factam
1835 4285 1912 4337 non
1947 4259 2064 4360 negli-

254 4388 382 4472 genter
405 4383 607 4456 omissurus
631 4383 747 4458 fuerit
776 4391 845 4486 14).
872 4389 922 4461 At
946 4388 1039 4462 nibil
1062 4387 1208 4462 facilius
1234 4383 1334 4460 factu
1360 4401 1447 4476 erat,
1474 4405 1588 4489 quarn
1612 4399 1656 4458 ut
1679 4385 1824 4457 Atticus
1855 4383 1965 4454 etiam
2003 4405 2069 4481 po-

254 4493 346 4592 pulo
370 4501 501 4594 gratias
526 4503 565 4573 in
589 4503 711 4602 prima
736 4507 914 4578 concione
940 4521 1037 4580 actas
1063 4533 1139 4580 esse
1165 4511 1425 4607 suspicaretur,
1452 4529 1571 4608 quum
1596 4506 1745 4577 Senatui
1771 4517 1868 4577 aetas
1891 4527 1968 4576 esse
2008 4526 2069 4573 co-

256 4617 450 4712 gnovisset.
478 4617 604 4714 Quare
629 4648 705 4695 non
730 4650 824 4723 opus
839 4640 927 4718 erat,
954 4638 997 4698 ut
1011 4624 1082 4700 hoc
1107 4627 1242 4702 diserte
1270 4626 1473 4701 adderetur
1487 4627 1534 4700 ad
1547 4625 1674 4700 verba:
1701 4625 1817 4698 habui
1840 4628 2068 4697 concionem.

256 4735 373 4832 Quod
397 4763 486 4810 vero
510 4741 614 4816 nulla
639 4744 680 4818 fit
704 4749 844 4821 mentio
869 4751 921 4822 rei
948 4748 1212 4822 frumentariae
1238 4751 1362 4841 inea,
1392 4775 1487 4850 quae
1513 4748 1561 4822 ad
1586 4773 1653 4822 nos
1682 4747 1862 4847 pervenit,
1883 4745 2066 4819 oratione:

257 4854 368 4930 buius
393 4861 446 4933 rei
473 4885 582 4935 causa
607 4879 670 4957 est,
696 4880 739 4940 ut
764 4869 862 4942 infra
887 4871 1108 4944 conabimur
1133 4870 1337 4958 ostendere,
1366 4867 1470 4971 quod
1494 4869 1599 4968 prior
1623 4891 1706 4965 pars
1745 4861 1856 4937 buius
1892 4861 2067 4935 orationis

257 4973 450 5076 deperdita
475 4995 539 5069 est,
564 4984 702 5087 inqua
727 4989 946 5064 Ciceronem
970 4991 1169 5064 verisimile
1195 5005 1249 5064 est
1275 4991 1322 5066 de
1347 5017 1387 5064 re
1411 4989 1655 5063 frumentaria
1679 4986 1825 5059 dixisse.

282 5203 285 5211 1
354 5103 410 5174 De
436 5109 602 5179 oratIone
626 5131 696 5206 pro
722 5109 834 5184 domo
859 5135 925 5185 sua
949 5113 997 5186 ad
1020 5113 1215 5188 Pontifices
1252 5113 1383 5187 Cicero
1417 5114 1470 5185 sic
1502 5111 1636 5184 scribit
1667 5107 1715 5181 ad
1752 5105 1919 5178 Atticum
1944 5100 2006 5190 lv,
2033 5126 2068 5172 2.

249 5221 968 5252 ---—-.-.-.-.......

281 5277 328 5341 su)
348 5274 412 5333 viu.
432 5283 606 5334 summarium
626 5277 709 5334 huius
729 5283 862 5337 orationis
883 5302 911 5355 p.
929 5287 976 5345 sa.
