4724 6010
287 387 334 460 lV

289 601 360 650 nec
384 575 494 676 plane
518 563 791 668 supposititiam
814 585 891 640 esse
916 561 966 660 6).
1015 559 1188 662 Denique
1214 552 1372 635 eandem
1396 556 1614 648 orationem,
1638 556 1801 657 utplane
1817 557 2112 651 Ciceronianam,

291 692 461 770 defendit
484 692 541 764 Jo.
569 689 685 762 Leon.
712 685 873 784 Hugius,
902 682 964 758 sir
986 680 1187 784 primarius
1217 681 1257 754 in
1279 677 1463 780 theologia
1487 678 1665 781 idemque
1690 680 1832 754 inerte
1857 687 2115 784 grammatico-

291 841 379 890 rum
401 810 462 885 rel
488 811 527 882 in
551 807 682 908 primis
708 804 891 880 excellens
916 805 965 904 7).
989 801 1166 902 Reliquas
1189 809 1315 876 aaran
1338 798 1533 892 orationes,
1556 822 1649 898 quas
1673 812 1758 873 ante
1782 801 1966 878 Wolfium
1990 805 2115 880 Mark-

291 938 427 1014 landus
450 934 596 1034 primus
621 931 661 1002 in
686 926 889 1001 discrimen
911 923 1058 1000 vocavit
1080 925 1137 1023 8),
1169 923 1356 994 Gesnerus
1381 917 1431 990 ita
1456 916 1669 994 defendite
1694 923 1987 1022 suspicionibus,
2021 949 2115 1028 quas

292 1061 355 1136 ille
376 1059 555 1130 iniecerat
582 1051 634 1148 9),
661 1062 705 1121 ut
728 1047 869 1122 nemini
896 1058 1086 1148 suspectae
1111 1053 1232 1118 essent
1255 1063 1300 1114 eo
1331 1050 1517 1138 tempore,
1549 1063 1627 1140 quo
1651 1039 1812 1116 Wolfius
1838 1043 2024 1144 ingeniosa
2048 1046 2116 1120 im-

292 1177 477 1284 probitate
502 1196 562 1246 eas
587 1169 715 1244 denuo
739 1165 936 1242 accusavit.
987 1165 1108 1242 liuius
1131 1176 1258 1238 autem
1282 1162 1455 1236 acerrimi
1478 1161 1550 1236 viri
1578 1162 1854 1238 criminationes
1874 1163 2037 1264 singulas
2054 1189 2117 1240 ex·

294 1311 421 1374 catere
446 1308 559 1394 atquo
584 1313 714 1368 omnes
737 1285 908 1364 refellere
934 1310 1045 1364 nemo
1070 1283 1266 1387 bucusque
1291 1295 1447 1358 conatus
1477 1295 1548 1376 est3
1580 1307 1809 1386 quamquam
1843 1285 2016 1376 fuerunt,
2049 1288 2116 1388 qui

293 1448 371 1498 non
397 1413 602 1502 difficilem,
627 1422 665 1486 at
688 1409 845 1512 plenum
868 1407 994 1499 taedii,
1020 1405 1122 1484 huno
1147 1431 1224 1483 esse
1249 1407 1418 1484 laborem
1441 1407 1725 1497 arbitrarentur,
1750 1435 1874 1510 neque
1900 1411 2117 1484 dubitarent

294 1567 385 1616 eum
415 1537 495 1612 aliis
537 1531 681 1610 selectis
713 1528 944 1606 orationibus
981 1529 1119 1605 summi
1156 1525 1320 1604 oratoris¹
1355 1528 1467 1604 edere
1516 1529 1626 1603 etiam
1666 1542 1865 1631 utramque
1912 1533 2118 1606 orationem

293 1676 376 1764 post
400 1658 577 1736 reditum.

392 1777 468 1856 Sed
493 1769 844 1852 commemorandus
870 1767 942 1843 hoc
966 1767 1050 1843 loco
1074 1783 1129 1844 est
1153 1769 1250 1845 liber
1274 1771 1431 1874 quidam
1460 1772 1787 1875 singularis,cuius
1817 1775 1988 1876 scriptori
2023 1778 2120 1853 illud

296 1904 409 1978 fuisse
433 1898 670 2003 propositum
693 1890 856 1980 videtur,
882 1903 925 1964 ut
949 1903 1066 1966 totam
1090 1892 1290 1968 accusandi
1315 1895 1510 1986 rationem,
1536 1919 1611 1997 qua
1635 1893 1881 1971 Marklandus
1905 1909 1943 1971 et
1958 1894 2121 1974 Wolfius

299 2026 356 2100 usi
382 2035 469 2098 sunt
496 2023 536 2095 in
561 2017 617 2092 his
642 2013 894 2103 orationibus,
930 2013 1104 2086 simulata
1133 2011 1337 2088 imitatione
1367 2014 1543 2090 irrideret
1572 2039 1616 2090 ac
1647 2014 1837 2090 refutarat.
1889 2020 2122 2092 Commenta-

296 2146 399 2218 rium
424 2140 511 2214 dico
535 2138 575 2211 in
600 2137 806 2211 orationem
830 2159 897 2235 pro
923 2131 1061 2208 Archia
1084 2135 1208 2224 Poeta,
1235 2137 1301 2235 qui
1325 2133 1466 2236 prodiit
1480 2136 1626 2237 Lipsiae
1637 2161 1714 2210 non
1727 2138 1956 2239 praescripto
1970 2141 2122 2214 nornine

298 2263 460 2338 auctoris
491 2260 559 2356 ro).
610 2254 752 2333 Eodem
781 2255 859 2329 fere
892 2255 1047 2330 consilio
1072 2255 1240 2346 Rossius,
1276 2279 1391 2356 quem
1413 2255 1575 2330 Wolfius
1599 2258 1768 2331 nominat
1792 2260 1831 2330 in
1854 2257 1971 2358 praef.
1994 2256 2043 2331 ad
2057 2259 2121 2336 tv.

299 2397 407 2459 oratt.
433 2409 470 2484 p.
496 2380 558 2471 X,
584 2377 697 2481 paulo
722 2389 920 2478 postquam
943 2374 1189 2452 Marklandus
1214 2375 1398 2452 iudicium
1422 2401 1534 2452 suum
1559 2374 1606 2451 de
1621 2389 1785 2477 quatuor
1805 2377 1878 2450 illis
1890 2377 2122 2452 orationihus

299 2501 567 2606 pronuntiavit,
594 2499 633 2574 in
657 2497 909 2600 suspicionem
935 2503 1046 2572 rotata
1065 2497 1250 2572 orationes
1274 2521 1344 2596 pro
1367 2495 1482 2588 Sulla,
1507 2522 1577 2599 pro
1601 2497 1763 2587 Milone,
1787 2522 1859 2597 pro
1884 2497 2028 2588 Coelio,
2054 2523 2123 2599 pro

301 2625 473 2713 Murena,
499 2645 569 2722 pro
593 2619 743 2709 Flacco,
763 2616 857 2693 duaa
882 2643 929 2694 ex
955 2617 1192 2706 Catilinariis,
1210 2613 1307 2690 duos
1327 2615 1444 2690 libros
1468 2614 1772 2694 Tusculanarum
1790 2628 1828 2690 et
1848 2617 2059 2691 secundum
2077 2616 2124 2692 de

301 2742 459 2820 Finibus
484 2741 640 2816 vocavit.
690 2738 820 2840 Neque
853 2737 1085 2827 dubitamus,
1118 2737 1212 2840 quin
1243 2733 1409 2830 fuerint,
1441 2737 1581 2841 quibus
1610 2739 1707 2812 serio
1737 2761 1818 2811 rem
1843 2764 1950 2838 agere
1976 2739 2127 2812 llossius

302 2864 512 2952 videretur;
537 2860 715 2934 orationis
740 2869 865 2932 autem
889 2882 959 2958 pro
983 2856 1121 2932 Archia
1146 2858 1257 2932 etiam
1281 2857 1466 2933 vindiciae
1496 2870 1584 2933 sunt
1611 2859 1780 2960 scriptae,
1807 2859 1912 2958 quasi
1944 2860 2040 2932 serio
2063 2857 2127 2932 da-

303 2997 428 3059 mnata
453 2994 546 3059 esset
577 2981 645 3078 tt).
687 2981 804 3052 Porro
831 3002 952 3076 quum
976 2975 1047 3049 hoc
1072 2976 1142 3050 sibi
1167 2983 1377 3078 praemium
1400 3005 1469 3079 pro
1495 3004 1607 3081 opera
1631 3004 1698 3052 sua
1725 2976 1886 3053 Wolfius
1910 2980 2129 3080 postulasset

305 3100 436 3204 (praef.
463 3099 513 3174 ad
538 3098 655 3174 Marc.
680 3122 716 3198 p.
744 3097 828 3194 39);
852 3097 883 3168 si
909 3095 971 3168 cui
993 3093 1188 3170 videretur
1212 3100 1336 3202 ipsum
1361 3099 1582 3173 Ciceronem
1607 3098 1846 3189 calumniari,
1878 3113 1921 3172 ut
1954 3099 1983 3172 is
2016 3125 2130 3198 quam

305 3227 472 3329 primum
497 3221 684 3298 orationes
709 3243 779 3318 pro
804 3217 952 3316 Ligario
977 3228 1014 3289 et
1037 3217 1232 3308 Deiotaro,
1260 3218 1321 3294 vel
1353 3217 1463 3294 aliam
1488 3242 1788 3320 quamcumque,
1820 3216 1951 3294 eadem
1987 3222 2130 3292 ratione

308 3346 619 3422 calumniaretur:
644 3337 833 3417 Weishius
859 3337 898 3408 in
923 3334 1117 3436 Ligariana
1141 3335 1322 3435 plurimas
1346 3363 1474 3426 voces,
1502 3334 1682 3440 loquendi
1707 3337 1888 3412 formulas
1912 3351 2024 3438 atque
2049 3363 2130 3412 sen-

308 3467 451 3553 tentias,
473 3476 516 3538 ut
539 3461 697 3548 vitiosas,
724 3459 864 3558 ineptas
890 3469 927 3528 et
951 3455 1131 3529 Cicerone
1157 3455 1324 3559 indignas
1349 3459 1500 3564 notarit,
1526 3481 1618 3557 quas
1633 3453 1847 3545 defendere,
1872 3458 1962 3532 mihi
1976 3457 2131 3560 quidem

308 3611 385 3662 non
409 3582 518 3658 facile
542 3578 645 3656 factu
669 3576 831 3652 videtur.
883 3573 1000 3672 Quod
1025 3573 1190 3676 denique
1215 3578 1390 3668 Rossius,
1420 3575 1609 3654 Weislsius
1630 3587 1667 3648 et
1689 3577 1861 3665 Beierus,
1896 3603 1983 3652 nam
2021 3575 2131 3650 buius

312 3705 482 3805 suspicor
509 3725 585 3776 esse
612 3694 923 3773 commentarium
947 3694 987 3766 in
1013 3707 1105 3769 orat.
1137 3721 1207 3800 pro
1231 3697 1386 3790 Archia,
1426 3721 1495 3802 per
1525 3693 1800 3770 simulationem
1828 3694 1976 3773 efficere
2011 3698 2132 3771 conati

312 3838 419 3918 sunt,
444 3837 487 3896 ut
512 3818 718 3921 quamlibet
742 3813 934 3890 Ciceronis
958 3814 1165 3889 orationem
1190 3819 1344 3912 iisdem,
1382 3846 1474 3924 quas
1498 3817 1661 3896 Wolfius
1690 3830 1727 3892 et
1751 3817 1994 3892 Marklandus
2030 3816 2136 3890 adhi-

318 3950 503 4034 buissent,
534 3941 678 4042 legibus
711 3938 851 4013 criticis
883 3949 919 4010 et
956 3941 1180 4036 argumentis
1218 3956 1427 4041 suspectam
1458 3937 1566 4018 reddi
1602 3961 1707 4045 posse
1739 3937 1992 4013 ostenderent:
2027 3936 2134 4010 ineo

332 4227 362 4293 6)
390 4223 583 4283 narratione,
604 4234 674 4290 quaa
693 4217 922 4288 inscribiturpro
943 4219 982 4276 tt.
1001 4219 1150 4284 Marcello,
1183 4221 1309 4277 Ciceroni
1333 4223 1379 4276 vel
1405 4221 1589 4278 abiudicauda
1613 4223 1660 4276 vel
1685 4219 1869 4276 adiudicanda
1897 4221 2033 4291 quaestio,
2082 4223 2133 4278 Pro

389 4313 500 4366 summis
519 4312 549 4363 iu
570 4305 747 4379 philosophia
766 4304 895 4363 bonorlb.
915 4334 954 4352 -ι
972 4309 1135 4376 conscripsit
1155 4308 1222 4380 Aug.
1243 4307 1311 4368 Lud.
1332 4311 1408 4368 Gall.
1426 4313 1525 4374 Jacob.
1545 4313 1667 4366 berolini
1687 4317 1715 4363 et
1736 4309 1823 4367 ltalia.
1845 4309 1927 4366 1813.
1947 4311 1974 4367 8.

338 4413 366 4484 7)
398 4411 564 4464 Lucubratio
585 4407 619 4462 de
640 4409 765 4460 oratione
784 4405 925 4461 Ciceronis
945 4421 994 4476 pro
1015 4407 1054 4466 Μ.
1073 4407 1212 4461 Marcello.
1234 4409 1358 4480 l'riburg.
1381 4415 1465 4484 1817.

341 4513 370 4579 8)
399 4509 527 4564 liemarla
555 4526 591 4561 on
617 4509 665 4561 the
686 4507 804 4576 Epistles
824 4504 856 4560 of
872 4505 967 4561 Cicero
987 4511 1018 4558 to
1038 4508 1136 4560 Brutus
1156 4507 1210 4560 and
1229 4509 1262 4560 of
1278 4511 1377 4564 Brutus
1397 4519 1428 4567 to
1446 4513 1557 4582 cicero,
1577 4515 1606 4567 in
1625 4531 1642 4566 a
1662 4511 1757 4564 better
1776 4515 1807 4562 to
1827 4525 1843 4562 a
1863 4509 1975 4566 Friend.
2023 4511 2101 4565 With
2123 4531 2139 4564 a

394 4599 578 4652 Dissertation
599 4614 674 4668 upon
695 4596 757 4649 four
776 4596 905 4650 Oratione
926 4591 1051 4648 ascribed
1073 4603 1102 4648 to
1122 4595 1159 4651 bl.
1181 4597 1290 4651 Tullius
1309 4599 1404 4654 Cicero
1425 4607 1477 4655 etc.
1511 4603 1555 4656 To
1576 4597 1664 4653 which
1685 4611 1730 4652 ars
1751 4595 1840 4650 added
1862 4601 2071 4655 someExtracts
2090 4609 2139 4652 out

397 4687 428 4742 oi
446 4686 493 4741 the
515 4687 599 4741 Notas
620 4687 651 4738 ol
669 4685 781 4738 learned
798 4687 863 4738 Men
883 4700 959 4755 spon
979 4682 1058 4738 those
1079 4683 1217 4749 orations,
1237 4685 1292 4738 and
1311 4687 1507 4746 observatiam
1528 4707 1564 4744 aa
1583 4689 1667 4746 then.
1706 4690 1746 4759 Β]
1773 4691 1829 4752 ler,
1856 4687 2017 4755 Markland,
2038 4687 2140 4742 Pellow

394 4775 425 4830 of
442 4773 484 4831 St.
504 4774 604 4828 Peter's
625 4773 745 4844 Collega,
764 4772 936 4846 Cambridge,
955 4802 992 4816 -
1014 4769 1137 4825 bondou.
1158 4774 1185 4836 8,

339 4881 369 4950 9)
397 4875 462 4934 vio.
482 4875 706 4929 Commentarior.
730 4875 793 4932 Soc,
812 4877 877 4946 fleg,
897 4875 1039 4948 Goetting.
1059 4873 1095 4931 Τ.
1111 4875 1162 4931 ΙΙΙ.
1181 4889 1208 4944 p.
1229 4873 1296 4930 nst.
1317 4885 1359 4941 sq.
1379 4877 1407 4923 et
1427 4873 1494 4930 251.
1513 4886 1553 4942 sq.

326 4980 372 5046 ιο)
395 4975 506 5031 Titulus
526 4982 581 5027 est:
608 4975 693 5028 blanel
712 4975 801 5028 Tullii
820 4975 979 5040 Ciceronis,
999 4993 1071 5048 quae
1089 4977 1172 5046 vulgo
1192 4973 1295 5037 fertur,
1323 4975 1412 5026 oratio
1433 4987 1483 5042 pro
1505 4971 1575 5024 bulo
1602 4971 1709 5026 Licinio
1729 4971 1828 5030 treats
1847 4974 1941 5030 Poeta.
1988 4975 2142 5038 Recensuit,

396 5081 457 5116 suas
478 5062 684 5116 observationes
699 5061 802 5116 adiecit
823 5063 862 5124 bl.
882 5063 913 5121 C.
932 5065 964 5121 Β.
986 5065 1061 5133 lips.
1085 5072 1168 5122 tutu.
1186 5069 1215 5122 8.

323 5165 370 5232 tt)
391 5161 463 5225 ¹llid.
482 5163 554 5224 Krit.
573 5161 736 5222 Bibliothels
756 5163 800 5224 ῆι.
820 5163 867 5219 das
889 5162 989 5219 Sabal-
1008 5163 1066 5222 und
1086 5161 1344 5220 Uuterrichtsnesen
1364 5176 1392 5221 r.
1411 5159 1515 5223 Gottir.
1534 5159 1660 5220 sertata
1681 5162 1701 5223 i.
1722 5161 1749 5222 d.
1769 5162 1794 5216 l.
1817 5171 1900 5225 teat.
1922 5157 1987 5217 ltro.
2008 5163 2036 5218 2.
2054 5175 2096 5232 sq.
