4724 6010
357 325 434 420 x1'1

354 549 392 610 et
417 534 508 624 illas,
534 558 629 634 quae
656 530 767 606 hodie
802 528 978 630 leguntur
1002 531 1078 630 ar).
1103 527 1231 624 Quare
1258 527 1332 606 iam
1356 525 1444 604 licet
1476 527 1524 606 ad
1551 527 1756 606 secundam
1780 527 1891 606 huius
1919 531 2182 634 disputationis

352 667 497 755 partem
522 649 759 739 descendere,
787 651 825 722 in
852 675 926 750 qua
945 648 1158 738 duodecim,
1185 649 1232 724 de
1258 651 1403 751 quibus,
1422 649 1510 738 dixi,
1535 651 1690 724 testibus
1712 651 1886 742 citandis,
1912 654 1960 728 ad
1986 682 2068 730 eam
2093 683 2178 730 rem
2220 653 2223 660 ’

353 770 513 843 maxime
539 767 692 854 idoneis,
718 766 914 841 ostendere
940 767 1122 855 conabor,
1164 765 1253 842 inde
1279 769 1326 842 ab
1359 771 1512 843 interitu
1551 769 1740 845 Ciceronis
1780 797 1898 872 usque
1930 773 1980 848 ad
2018 789 2176 852 aetatem

355 888 530 962 Prisciani
572 899 784 960 constanter
814 912 943 961 omnes
969 891 1151 962 Romanos
1185 913 1255 987 pro
1270 887 1522 963 Ciceronianis
1543 887 1710 964 habuisse
1727 915 1797 981 eas,
1811 892 1866 966 de
1887 894 2026 994 quibus
2041 897 2173 994 agitur,

356 1009 524 1108 quinque
549 1006 745 1092 orationes,
770 1029 894 1103 nequa
912 988 1003 1093 aliis
1021 1009 1059 1079 in
1079 1005 1211 1082 iisdem
1234 1011 1353 1082 causis
1378 1021 1564 1083 versantes
1589 1011 1733 1084 novisse
1758 1023 1823 1084 aut
1847 1037 2172 1104 commemorasse,

356 1153 451 1226 quae
479 1124 694 1226 deperditae
720 1149 796 1198 esse
822 1126 1021 1199 existimari
1048 1128 1197 1227 possint.

458 1271 487 1324 1.
513 1245 694 1319 Varamos
721 1243 916 1336 Maxmus,
943 1245 1007 1346 qui
1033 1272 1102 1344 per
1126 1261 1283 1320 aetatem
1306 1249 1450 1346 primus
1476 1260 1529 1319 est
1553 1248 1665 1334 testis,
1690 1273 1711 1318 a
1736 1249 1916 1347 scriptore
1942 1263 2070 1324 nostro
2092 1277 2174 1324 mu·

356 1383 480 1442 tuatus
507 1383 561 1441 est
586 1367 679 1442 duas
705 1369 925 1456 sententias,
952 1393 1113 1468 quarum
1137 1367 1252 1441 altera
1277 1367 1415 1466 legitur
1438 1367 1508 1455 Vl,
1535 1365 1576 1453 3,
1607 1391 1639 1438 1.
1655 1367 1824 1453 „Eadem
1849 1396 1982 1443 ausum
1996 1373 2060 1472 sp.
2076 1373 2175 1446 Mac-

358 1489 452 1562 lium
479 1486 662 1560 consimili
688 1487 789 1557 exitu
816 1487 934 1586 patria
958 1487 1147 1578 multavit3
1172 1513 1256 1558 area
1281 1509 1371 1557 vero
1397 1483 1530 1558 domus
1553 1486 1643 1574 eius,
1664 1511 1740 1584 quo
1756 1487 1841 1561 iusti
1858 1489 2030 1590 supplicii
2048 1493 2175 1563 notitia

357 1608 406 1681 ad
429 1621 595 1708 posteros
619 1603 848 1704 perveniret,
875 1602 1118 1701 Aequimaelii
1144 1601 1428 1702 appellationem
1452 1604 1601 1676 traxit.“
1648 1602 1776 1676 Altera
1799 1605 1828 1694 1,
1860 1632 1889 1692 ι,
1916 1607 1965 1678 in.
1992 1607 2176 1693 „Maiores

357 1727 473 1800 nostri
503 1736 610 1796 statas
635 1720 907 1818 sollemnesque
933 1720 1152 1792 cerimonias
1183 1718 1405 1792 Pontificum
1439 1719 1611 1808 scientia3
1648 1717 1744 1789 bane
1768 1719 2016 1817 gerendarum
2048 1744 2178 1793 rerum

358 1841 595 1914 auctoritates
612 1837 809 1936 Augurum
824 1835 1097 1930 observatione3
1122 1837 1305 1940 Apollinis
1329 1831 1598 1934 praedictiones
1632 1849 1757 1908 vatum
1772 1836 1895 1928 libris;
1920 1829 2179 1938 portentorum

360 1958 516 2060 depulsa
540 1959 699 2029 Etrusca
723 1954 918 2058 disciplina
944 1957 1120 2058 explicari
1140 1959 1379 2034 voluerunt.“
1402 1954 1510 2027 Prior
1527 1954 1680 2026 imitatio
1696 1969 1751 2027 est
1764 1981 1818 2030 or.
1833 1983 1901 2058 pro
1915 1957 2046 2049 domo,
2071 1985 2104 2034 c.
2120 1962 2176 2035 38.

359 2082 445 2180 „Sp
472 2076 597 2151 Maelii
624 2099 780 2175 regnum
804 2077 1008 2174 appetentis
1033 2074 1167 2148 domus
1193 2089 1246 2148 est
1271 2073 1512 2174 complanata.
1540 2071 1692 2172 Ecquid
1716 2071 1843 2146 aliudl
1882 2099 2046 2174 aequum
2084 2073 2179 2150 acci-

361 2197 456 2270 disse
482 2194 618 2270 Maelio
642 2192 803 2294 populus
827 2197 1014 2267 Romanus
1040 2195 1235 2270 iudicavit:
1261 2195 1411 2268 nominc
1438 2194 1519 2292 ipso
1535 2190 1778 2291 Aequimaelii
1804 2219 1923 2292 poena
1939 2193 2179 2294 comprobata

363 2325 453 2392 est.“
476 2314 660 2416 posterior
686 2312 841 2411 repetita
866 2325 921 2384 est
946 2337 992 2384 ex
1017 2337 1071 2384 or.
1096 2311 1142 2386 de
1169 2314 1327 2413 Harusp.
1346 2315 1455 2411 Resp.
1485 2337 1516 2384 c.
1537 2337 1573 2409 9.
1597 2309 1700 2406 „Qui
1726 2307 1915 2410 (Maiores)
1946 2323 2054 2384 statas
2077 2311 2183 2386 solle-

361 2461 540 2536 mnesque
561 2433 779 2507 cerimonias
790 2429 1019 2532 pontificatu,
1043 2458 1172 2505 rerum
1182 2431 1277 2506 bene
1302 2431 1550 2532 gerendarum
1569 2431 1804 2504 auctoritates
1828 2431 1996 2530 augurio,
2021 2429 2183 2504 fatorum

362 2571 504 2633 veteres
532 2553 804 2654 praedictiones
829 2553 1012 2653 Apollinis
1046 2566 1175 2626 vatum
1199 2553 1314 2640 libris,
1353 2567 1613 2653 portentorum
1637 2553 1910 2654 explanationes
1934 2556 2182 2629 Etruscorum

365 2676 561 2775 disciplina
587 2675 769 2747 contineri
794 2680 1012 2772 putarunt.“
1034 2671 1145 2744 Unde
1170 2697 1237 2743 nos
1263 2673 1468 2773 colligimus
1480 2673 1626 2746 Valerio
1646 2675 1811 2746 Maximo
1836 2687 1941 2748 notas
1965 2671 2077 2746 fuisse
2104 2673 2183 2746 illas

365 2793 558 2866 orationes.
587 2790 725 2863 Contra
750 2787 1005 2875 Marklandus,
1030 2791 1084 2884 (in
1108 2791 1222 2890 praef.
1249 2791 1297 2865 ad
1327 2795 1379 2870 IV
1411 2807 1516 2869 oratt.
1544 2819 1580 2893 p.
1605 2793 1679 2893 67.)
1704 2793 1843 2893 „Apud
1867 2792 2095 2883 Valerium‚“
2121 2795 2180 2883 ait,

365 2935 512 3002 „sermo
538 2921 662 2981 rectus
688 2921 742 2979 est
766 2933 808 2979 ac
833 2909 1022 3006 proprius,
1054 2906 1155 3007 apud
1180 2923 1364 2985 oratorem
1389 2924 1560 2986 nostrum
1586 2911 1758 2999 vitiosus,
1784 2923 1883 2983 certe
1908 2909 2112 2983 abhorrens
2137 2911 2181 2984 ab

367 3033 597 3131 optimorum
621 3029 850 3126 scriptorum
875 3029 1156 3098 consuetudine.
1184 3029 1262 3102 lam
1286 3033 1438 3105 minime
1464 3030 1660 3106 verisimile
1687 3045 1756 3120 est,
1782 3030 1974 3106 Valerium
1999 3031 2048 3102 ita
2073 3055 2183 3103 usum

368 3178 445 3226 esse
469 3151 592 3224 verbis
619 3149 820 3234 Ciceronis,
847 3159 889 3217 ut
912 3145 1022 3219 huius
1047 3145 1224 3220 latinitate
1249 3176 1325 3223 non
1350 3153 1610 3251 acquiesceret,
1636 3176 1791 3250 eamque
1821 3151 2050 3223 correctione
2077 3175 2184 3248 egere

370 3285 535 3377 putaret3
564 3266 873 3344 verisimillimum
897 3277 1031 3351 autem,
1060 3265 1229 3363 imperito
1255 3265 1493 3340 declamatori
1519 3266 1721 3365 placuisse,
1761 3264 1906 3364 aliquid
1938 3268 2125 3365 surripere
2162 3295 2184 3340 a

370 3397 527 3482 Valerio,
553 3389 620 3466 sed
644 3391 794 3489 vestigia
819 3388 928 3488 plagii
955 3387 1182 3462 oblitterasse
1208 3385 1440 3460 immutanda
1465 3387 1625 3459 auctoris
1643 3386 1701 3458 sui
1718 3384 1932 3458 latinitate.“
1954 3388 2064 3474 Vitia,
2091 3410 2187 3488 quae

371 3513 601 3616 deprehensa
626 3524 715 3585 sunt
738 3537 759 3582 a
784 3509 1005 3583 Marklando
1030 3510 1069 3581 in
1094 3533 1263 3582 sermone
1288 3507 1441 3580 oratoris
1465 3507 1592 3599 nostri,
1618 3503 1952 3580 animadversiones
1976 3503 2025 3580 ad
2038 3518 2183 3581 utrum-

373 3660 447 3736 que
473 3635 601 3708 locum
625 3629 837 3705 ostendunt.
863 3629 918 3702 Ae
939 3630 1105 3730 primum
1130 3627 1175 3702 ad
1191 3654 1325 3728 or.pro
1351 3627 1474 3714 domo,
1498 3649 1531 3698 e.
1558 3627 1616 3706 38.
1643 3626 1788 3728 copiose
1814 3623 2012 3715 docemur,
2047 3629 2190 3732 Aequi-

372 3752 549 3826 maelium
580 3775 658 3823 non
683 3775 759 3822 esse
785 3773 831 3820 ex
856 3773 900 3821 eo
927 3747 1081 3835 dictum,
1107 3748 1195 3848 quia
1220 3747 1358 3820 Maelio
1382 3743 1565 3820 acciderit
1589 3769 1766 3846 aequum,
1805 3771 1870 3820 seu
1898 3746 1986 3846 quia
2010 3745 2069 3818 vir
2094 3748 2189 3820 iusta

371 3899 492 3974 poena
516 3872 669 3944 allectus
694 3873 760 3962 sit3
785 3868 852 3944 sed
876 3895 952 3944 esse
968 3891 1131 3969 aequum
1156 3895 1221 3941 seu
1234 3867 1428 3967 planitiem
1443 3866 1584 3938 Maelii.
1609 3865 1718 3939 Illam
1729 3891 1819 3940 vero
1833 3879 1909 3940 tam
1923 3881 2047 3967 aperte
2059 3866 2188 3941 falsam

372 3993 612 4079 notationem,
635 4011 750 4090 quam
774 3989 922 4090 sequuti
948 3989 1021 4061 sint
1046 3999 1171 4096 orator
1194 3997 1320 4059 noster
1344 3998 1380 4056 et
1397 3984 1567 4058 Valerius
1580 3985 1777 4077 Maximus,
1803 3987 1973 4064 Ciceroni
1988 4015 2063 4063 non
2081 4010 2187 4089 posse

373 4113 501 4200 tribui,
526 4111 592 4184 sed
618 4108 783 4182 colorem
808 4134 883 4182 esse
910 4106 1226 4194 declamatorium,
1252 4131 1298 4178 ex
1321 4102 1471 4178 Valerio
1496 4099 1717 4182 derivatum.
1742 4109 1792 4182 At
1815 4110 1969 4199 scimus,
1994 4105 2187 4182 alludendi

373 4229 684 4306 studiosissimum
711 4253 787 4302 esse
813 4228 1043 4313 Ciceronem,
1068 4233 1104 4297 el
1129 4223 1247 4325 pluris
1273 4226 1311 4296 in
1335 4251 1377 4297 ea
1398 4251 1439 4296 re
1465 4221 1716 4302 similitudinis
1740 4230 1968 4328 elegantiam,
1995 4253 2112 4326 quam
2127 4253 2189 4302 ve·

377 4349 524 4423 ritatem
548 4347 781 4422 notationum
804 4345 997 4418 aestimari.
1024 4345 1067 4416 In
1092 4358 1269 4446 promptu
1293 4357 1381 4418 sunt
1397 4345 1487 4418 aliae
1504 4349 1719 4440 notationes,
1746 4373 1841 4449 quac
1857 4346 2028 4420 Ciceroni
2044 4347 2190 4448 placue-

378 4482 479 4557 runt,
506 4467 732 4567 eaedemque
757 4465 969 4538 falsissimae
995 4490 1015 4536 a
1039 4466 1284 4564 grammaticis
1310 4463 1503 4540 habentur.
1529 4463 1875 4570 Utsuperstitionis
1887 4479 1923 4539 et
1937 4465 2191 4568 superstitiosi

376 4707 588 4808 superstites
613 4718 749 4791 esseut,
776 4703 1016 4804 superstitiosi
1042 4717 1129 4776 sunt
1153 4704 1363 4805 appellati.“
1379 4707 1492 4804 fidei,
1518 4707 1565 4780 de
1579 4699 1688 4779 offic.
1707 4707 1736 4795 Ι,
1755 4731 1789 4808 7.
1814 4706 2040 4796 „audeamus
2055 4705 2194 4780 imitari

377 4828 529 4915 Stoicos,
555 4827 621 4925 qui
647 4822 810 4898 studiose
836 4823 1050 4922 exquirunt,
1076 4820 1178 4895 unde
1203 4823 1552 4916 rerbasintducta3
1578 4819 1867 4925 credamusque,
1893 4823 2067 4926 quialiat,
2086 4819 2196 4923 quod

378 5055 429 5115 αι)
458 5049 617 5101 Orationem
638 5045 775 5118 quandam
794 5045 829 5098 de
848 5047 1028 5116 Haruspicum
1046 5049 1181 5117 responsis
1202 5066 1216 5101 a
1237 5047 1368 5101 Cicerone
1389 5045 1569 5116 conscriptam
1589 5039 1688 5114 lutrae,
1714 5051 1797 5103 etiam
1817 5048 1933 5102 Wolliue
1953 5049 2034 5118 pouit
2055 5047 2083 5098 in
2101 5038 2191 5116 prael.

453 5137 501 5193 IV.
526 5144 595 5194 orat.
616 5153 643 5206 p.
655 5137 718 5200 39„
740 5136 788 5206 qui
807 5137 854 5190 vix
869 5133 985 5188 dubium
1005 5151 1062 5190 esec
1081 5135 1234 5202 contendit,
1256 5136 1323 5206 quin
1338 5135 1441 5190 Auctor
1452 5137 1701 5190 uostra'eoretionis
1713 5135 1883 5210 deperditam
1891 5135 2192 5189 Ciceronisoratiouem

456 5231 520 5276 aute
541 5225 635 5278 oculos
654 5223 791 5282 habuerit.
