4724 6010
347 341 475 420 XXIV

351 535 394 612 id
420 534 525 637 quod
550 557 616 634 ego
640 529 770 618 santio,
794 525 950 600 numine
974 548 1043 600 suo
1068 521 1235 598 reditum
1258 543 1388 594 meum
1412 519 1582 596 dicerent
1608 519 1879 621 comprobasse,
1904 521 2080 598 nonnulli
2118 549 2208 598 au·

296 708 303 727 .
350 673 428 733 tem
453 657 555 730 illam
579 678 660 726 rem
684 649 733 724 ad
757 648 940 721 rationem
964 643 1296 744 coniecturamque
1332 641 1567 714 revocabant
1595 640 1684 733 Qui,
1724 639 1829 742 quod
1861 641 1902 714 in
1926 667 2011 716 meo
2044 643 2206 719 reditu

352 803 438 879 spes
463 775 526 849 otii
551 784 589 845 et
614 767 836 844 concordiae
860 768 929 840 sita
953 763 1163 850 videbatur,
1208 763 1249 836 in
1274 758 1439 835 discessu
1463 772 1589 836 autem
1620 757 1673 854 (d.
1698 786 1730 834 e.
1760 760 2012 838 Ciceroniano
2044 789 2194 852 more,

351 895 541 990 absentio)
573 889 815 992 quotidianus
839 885 1029 960 seditionis
1053 885 1179 970 timor,
1217 881 1292 954 iam
1315 901 1434 982 paene
1458 877 1550 954 belli
1576 877 1733 980 depulso
1756 893 1873 972 metu,
1904 895 2202 958 commutatam

351 1041 537 1090 annonam
553 1010 745 1086 dicebant:
770 1031 865 1108 quae
891 1005 979 1106 quia
1004 1027 1134 1076 rursus
1160 1003 1199 1076 in
1223 1025 1307 1076 meo
1333 1000 1458 1076 reditu
1483 1001 1581 1078 facta
1606 1017 1685 1078 erat
1708 1003 1854 1096 durior,
1879 1003 1968 1100 (lsoc
1993 1019 2052 1079 est
2075 1007 2205 1080 ttlud

353 1137 526 1222 biduum,
551 1133 598 1206 de
623 1155 698 1233 quo
723 1129 774 1202 ad
798 1128 971 1203 Atticum
993 1123 1145 1220 scribit)
1170 1147 1192 1194 a
1214 1147 1286 1210 me,
1312 1121 1420 1196 cuius
1444 1119 1608 1198 adventu
1633 1123 1714 1198 fore
1746 1125 1927 1200 vilitatem
1965 1124 2056 1200 boni
2099 1127 2196 1200 viri

351 1255 582 1342 dictitabant,
608 1277 756 1326 annona
779 1246 1081 1350 flagitabatur.““
1106 1241 1211 1340 Quid
1236 1237 1576 1320 adbaecWolfiusl
1598 1241 1870 1336 „Credamus,“
1883 1244 2017 1346 inquit,
2041 1243 2196 1345 „quod

350 1378 538 1466 iubemur,
565 1373 630 1447 illo
656 1376 737 1466 ipso
761 1370 839 1459 die,
864 1394 985 1470 quum
1010 1365 1057 1441 de
1084 1366 1167 1439 viro
1192 1359 1410 1438 reducendo
1441 1362 1502 1436 lex
1531 1374 1625 1436 esset
1648 1363 1802 1463 perlata,
1828 1362 1888 1438 vel
1918 1364 2032 1440 etiam
2054 1375 2191 1454 antea,

351 1518 473 1595 quum
497 1488 537 1565 id
561 1489 716 1562 Senatus
740 1481 1068 1590 decresset'subito
1093 1480 1301 1556 carissimae
1326 1505 1494 1556 annonae
1518 1504 1590 1555 nec
1615 1483 1805 1582 opinatam
1827 1481 2008 1560 vilitatem
2028 1507 2190 1558 succes-

309 1625 312 1634 ’
350 1613 448 1688 sisse.
475 1609 525 1684 At
548 1607 693 1709 aliquot
716 1603 850 1680 diebus
873 1615 967 1704 post,
992 1613 1104 1700 atque
1130 1597 1200 1672 sub
1226 1597 1349 1699 ipsum
1373 1597 1750 1690 reditumCiceronis,
1766 1625 1906 1677 rursus
1917 1601 2187 1706 duriorfacta

349 1749 408 1810 est
433 1755 614 1807 annona:
640 1743 730 1802 ante
754 1727 885 1800 oculos
905 1723 1142 1824 propositum
1166 1737 1250 1795 erat
1270 1721 1586 1821 periculum,non
1611 1725 1687 1794 iam
1710 1723 1854 1796 caritas
1868 1721 2087 1814 timebatur,
2106 1727 2190 1800 sed

347 1857 462 1959 plane
487 1857 615 1953 inopia
639 1875 686 1925 oc
700 1849 856 1951 fames,·
881 1849 1048 1948 adeoque
1073 1845 1120 1918 ab
1146 1848 1227 1945 ipso
1251 1867 1404 1917 annona
1419 1839 1705 1940 flagitabatur:
1732 1843 1798 1918 Or.
1824 1869 1895 1945 pro
1910 1843 2023 1918 domo
2049 1845 2087 1939 S.
2119 1873 2179 1920 rs.

349 1981 445 2050 Nam
469 1971 686 2048 calamitatis
710 1993 859 2042 eausam
883 1967 923 2040 in
947 1967 1027 2067 ipso
1053 1964 1234 2040 Cicerone
1265 1989 1342 2038 esse
1375 1961 1546 2038 Clodiani
1578 1963 1798 2054 clamabant,
1839 1977 1882 2038 ut
1911 1978 2089 2042 narratur
2125 1967 2180 2043 ad

351 2095 461 2170 Attio.
488 2093 512 2166 l.
539 2092 562 2165 l.
590 2091 656 2164 llis
682 2113 768 2190 ergo
794 2086 928 2161 diebus
953 2087 1013 2183 (eo
1038 2085 1168 2173 biduo,
1194 2082 1300 2184 quod
1323 2084 1490 2184 primum
1514 2085 1590 2186 egit
1615 2087 1654 2160 in
1678 2085 1795 2184 Urbe)
1820 2088 2053 2183 Ciceronem,
2069 2105 2175 2193 puto,

350 2212 513 2291 credidit
537 2207 793 2297 Marklandua
819 2207 867 2282 de
891 2207 1016 2308 priore
1042 2205 1105 2279 illa
1128 2205 1255 2279 subito
1279 2207 1419 2280 uilitate
1444 2205 1549 2306 loqui
1573 2206 1680 2282 nullo
1704 2207 1819 2282 modo
1838 2210 2040 2311 potuisse.“
2088 2214 2176 2287 Mea

352 2335 533 2412 sententia
581 2330 735 2406 tolletur
773 2329 894 2404 omnis
938 2325 1151 2415 difficultas,
1191 2326 1221 2400 si
1260 2327 1472 2427 repentinas
1509 2329 1818 2402 commutationes
1855 2331 1909 2404 rei
1949 2333 2176 2408 annonariae

351 2455 465 2531 factas
490 2479 567 2528 esse
592 2453 795 2553 cogitemus
819 2475 932 2550 opera
971 2462 1008 2522 et
1044 2445 1200 2522 artificio
1232 2445 1409 2546 Pompeii,
1448 2445 1514 2546 qui
1553 2447 1607 2520 rei
1647 2445 1912 2522 frumentariae
1953 2463 2174 2550 potestatem

353 2585 561 2676 quaereret,
587 2584 704 2671 utque
730 2594 772 2641 ea
797 2566 866 2643 sibi
892 2566 1058 2656 daretur,
1089 2593 1158 2668 per
1189 2565 1409 2642 Ciceronem
1439 2566 1600 2641 maxime
1630 2591 1668 2640 se
1706 2567 1966 2668 perfecturum
1996 2587 2173 2673 speraret

353 2695 447 2768 Erat
467 2693 580 2792 igitur
603 2690 812 2790 Pompeius,
839 2687 905 2787 qui
930 2686 1062 2762 furtim
1086 2685 1262 2778 efficeret,
1287 2700 1331 2761 ut
1356 2687 1422 2762 illo
1448 2690 1526 2788 ipso
1553 2689 1625 2778 die,
1651 2716 1728 2792 quo
1743 2693 1899 2767 Senatus
1923 2693 1972 2768 de
1984 2695 2175 2774 Ciceronis

354 2813 532 2916 dignitate
557 2809 784 2899 decreverat,
818 2808 1045 2883 carissimam
1076 2833 1263 2884 annonam
1295 2835 1366 2884 nec
1407 2811 1558 2910 opinata
1588 2809 1708 2885 vilitas
1739 2829 2049 2915 consequeretur3
2096 2831 2177 2893 erat

354 2935 565 3035 Pompeius,
592 2931 657 3032 qui
684 2929 811 3004 dolose
837 2943 997 3019 curaret,
1023 2942 1066 3002 ut
1089 2931 1129 3003 in
1152 2931 1231 3004 eius
1256 2928 1382 3006 reditu
1407 2952 1539 3003 rursus
1563 2953 1711 3004 annona
1736 2927 1842 3004 lieret
1881 2931 2032 3029 durior3
2069 2953 2176 3012 erant

352 3049 578 3150 Pompeiani,
587 3048 653 3149 qui
669 3046 892 3138 dictitarent,
901 3049 1150 3123 eiusadventu
1176 3049 1257 3123 fore
1281 3048 1470 3121 vilitatem.
1502 3046 1634 3148 Neque
1643 3047 1774 3122 Cicero
1798 3049 1950 3124 videtur
1974 3053 2052 3154 ipse
2066 3053 2177 3130 dubi-

353 3181 459 3256 tasse,
498 3165 590 3266 quin
623 3188 771 3236 annona
795 3161 1078 3252 convalesceret,
1105 3189 1148 3238 ac
1171 3163 1352 3238 frumenti
1375 3164 1482 3263 copia
1505 3161 1656 3258 rediret,
1687 3167 1717 3242 si
1752 3171 1928 3270 Pompeio
1959 3170 2046 3248 data
2083 3191 2177 3251 esset

355 3287 467 3362 buius
478 3287 532 3359 rei
544 3295 714 3384 potestas.
740 3284 898 3384 Propter
909 3281 1005 3357 banc
1027 3309 1177 3358 causam
1185 3285 1323 3358 Orator
1337 3284 1378 3357 in
1390 3281 1461 3356 hac
1473 3283 1594 3383 prima
1605 3297 1689 3384 post
1696 3286 1860 3364 reditum
1873 3287 1998 3366 habita
2010 3296 2176 3370 oratione

353 3405 544 3508 significat,
569 3401 651 3477 fore
677 3417 719 3476 ut
742 3427 890 3476 annona
914 3401 1122 3494 levaretur3
1148 3403 1187 3476 in
1209 3401 1325 3476 altera
1344 3402 1392 3498 (c.
1413 3404 1473 3498 8.),
1501 3425 1623 3504 quum
1653 3403 1692 3478 in
1722 3405 1839 3505 ipsius
1871 3413 2090 3486 sententiam
2114 3415 2178 3488 Se.

355 3523 682 3603 natusconsultum
706 3533 800 3596 esset
823 3519 976 3608 factum,
1003 3533 1046 3592 ut
1080 3545 1169 3594 cum
1210 3521 1387 3621 Pompeio
1424 3531 1606 3620 ageretur,
1643 3535 1687 3594 ut
1726 3549 1808 3598 eam
1845 3553 1926 3600 rem
1962 3531 2177 3632 susciperet,

356 3654 492 3752 lexque
518 3648 692 3734 ferretur,
718 3641 889 3733 affirmat,
914 3665 1043 3715 secum
1067 3665 1143 3715 esse
1168 3641 1321 3744 frugum
1346 3641 1555 3718 ubertatem
1579 3643 1805 3740 restitutam3
1831 3648 1870 3722 in
1895 3651 2177 3756 tertiadenique

356 3799 427 3874 pro
453 3771 566 3844 domo
590 3771 639 3863 (c.
665 3769 716 3871 7.)
723 3821 734 3857 ,
762 3791 882 3868 quum
907 3763 1086 3839 Consules
1111 3764 1230 3866 legem
1252 3766 1560 3868 perscripsissem,
1587 3791 1663 3868 qua
1686 3769 1862 3869 Pompeio
1873 3795 1942 3872 per
1968 3772 2180 3874 quinquen-

358 3894 466 3967 nium
491 3891 611 3964 omnis
635 3901 795 3988 potestas
819 3887 873 3960 rei
898 3884 1162 3959 frumentariae
1186 3899 1264 3959 toto
1290 3885 1381 3958 orbe
1402 3896 1590 3958 terrarum
1614 3883 1778 3975 daretur,
1810 3887 2081 3990 rempublicam
2116 3921 2180 3967 an·

358 4037 478 4088 nonae
504 4009 656 4083 nomine
682 4007 723 4080 in
747 4004 788 4079 id
812 4004 1025 4096 discrimen,
1051 4030 1128 4108 quo
1152 4021 1281 4081 vocata
1306 4019 1409 4097 esset,
1433 4031 1511 4080 non
1537 4033 1614 4081 esse
1637 4021 1834 4084 venturam
1860 4009 1961 4085 dicit
1986 4011 2122 4114 Atque,
2138 4029 2181 4090 ut

361 4141 440 4239 ipse
465 4125 709 4209 Marklandus
734 4129 796 4220 ait,
819 4128 1079 4205 Middletonus
1102 4155 1189 4204 vere
1214 4141 1341 4203 narrat
1368 4129 1407 4203 in
1430 4130 1495 4204 rit
1522 4128 1600 4204 Cic.
1628 4131 1672 4205 T.
1699 4131 1747 4223 II,
1772 4161 1808 4238 p.
1843 4135 1876 4210 5.
1909 4159 2031 4238 seqq:
2073 4141 2181 4214 Pom-

361 4257 484 4358 peiani
508 4251 672 4328 nominis
714 4249 932 4324 auctoritate
963 4251 1142 4326 continuo
1172 4249 1328 4322 levatam
1361 4273 1437 4322 esse
1469 4276 1666 4344 annonam,
1700 4254 1855 4358 eiusque
1885 4259 1956 4333 viri
1991 4258 2181 4363 diligentia

363 4391 476 4480 atque
501 4373 764 4479 procuratione
788 4370 962 4445 omnibus
985 4369 1077 4446 locis
1101 4371 1283 4445 vilitatem
1307 4383 1527 4446 revocatam.
1553 4372 1679 4468 (Conf.
1716 4377 1876 4451 Cicero's
1900 4379 2024 4454 Briefe
2056 4382 2179 4458 libers.

363 4497 446 4571 und
478 4499 609 4570 erliiut.
635 4523 670 4568 v.
709 4497 748 4566 C.
780 4493 836 4572 M.
866 4491 1055 4582 Wieland,
1086 4492 1266 4594 Stultgart
1302 4491 1404 4586 1814,
1433 4493 1634 4588 Bd.11‚s.
1665 4499 1743 4596 139.
1769 4501 1867 4598 sqq.)
1890 4543 1938 4562 -
1963 4503 2184 4604 Sequuntur

363 4617 531 4717 exempla
555 4617 709 4717 puerilis
736 4617 882 4718 ingenii,
909 4615 1096 4691 affectatae
1121 4613 1304 4706 dictionis,
1328 4616 1606 4722 uerborumque
1632 4619 1847 4695 contraCic.
1873 4647 1985 4699 usum
1999 4623 2181 4726 loquendi

362 4755 641 4843 usurpatorum.

461 4863 502 4936 C.
529 4887 564 4943 a.
587 4859 707 4952 „Nam
731 4859 910 4935 Consules
934 4861 1092 4938 modesti
1118 4859 1318 4962 legumque
1342 4871 1548 4934 metuentes
1573 4859 1874 4961 impediebantur
1897 4865 1987 4968 lege.
2028 4865 2112 4942 Non
2127 4893 2179 4956 ea,

365 4983 631 5086 quaedem,
658 4979 1027 5081 sedquacdeipsis
1054 4980 1247 5071 lataerat;
1275 5005 1395 5078 quum
1418 5003 1524 5050 meus
1560 4977 1733 5054 inimicus
1756 4981 2021 5084 promulgavit:
2057 4997 2110 5075 ut,
2149 4985 2179 5058 si

366 5105 583 5178 revixissent
607 5102 644 5197 ii,
657 5101 726 5203 qni
745 5101 836 5177 baec
859 5126 977 5203 paene
1002 5101 1189 5193 delerunt,
1214 5113 1296 5176 tum
1322 5123 1387 5202 ego
1413 5097 1587 5176 redirem.
1625 5102 1713 5199 Quo
1737 5103 1836 5181 lacto
1862 5117 2066 5206 utrumque
2090 5128 2179 5181 con-
