4724 6010
395 432 486 510 vlu

396 627 509 716 „Post
532 623 614 700 illes
638 621 741 700 mus
764 621 904 698 litteras
928 633 1088 724 sequuta
1112 633 1167 698 est
1191 645 1337 696 summa
1361 624 1552 700 contentio
1577 623 1625 698 de
1651 621 1775 700 domo.
1801 627 1975 704 Diximus
1999 623 2102 730 apud
2121 629 2219 706 Pon·

397 745 514 822 tilices
539 744 661 848 pridie
685 741 768 818 Kal.
795 741 952 820 Octobr.
977 743 1071 818 Acte
1095 767 1155 818 res
1180 752 1236 818 est
1257 749 1431 818 accumte
1455 741 1620 834 anobis,
1646 759 1683 818 et
1698 745 1737 819 ‘si
1768 771 1950 848 umquam
1974 747 2015 822 in
2052 746 2216 821 dicendo

396 865 538 942 fuimus
561 863 718 968 aliquid,
741 877 806 940 aut
831 865 953 955 etiam,
979 865 1010 940 si
1034 887 1244 965 numquam
1267 860 1356 936 alias
1375 861 1534 956 -l'uimus,
1559 877 1644 940 tum
1666 864 1836 967 profecto
1861 866 1972 944 dolor
2007 880 2044 942 et
2073 871 2217 970 magni-

395 989 490 1064 tudo
513 989 591 1063 rim
616 985 808 1090 quandam
831 985 939 1061 nobis
965 983 1116 1060 dicendi
1141 981 1257 1058 dedit
1282 983 1414 1085 Itaque
1439 983 1558 1060 oratio
1582 985 1767 1058 iuventuti
1792 997 1939 1061 nostrae
1976 984 2104 1060 deberi
2137 1015 2216 1064 non

396 1120 537 1212 potest:
564 1133 679 1208 quam
701 1106 781 1197 tibi,
808 1107 948 1181 etiamsi
973 1130 1051 1180 non
1074 1103 1274 1196 desideras,
1299 1115 1425 1178 umen
1457 1106 1604 1180 mittam
1643 1105 1756 1182 cito.“
1804 1106 1886 1182 Hoc
1922 1104 2214 1184 illustrissimum

395 1227 587 1306 Ciceronis
611 1227 864 1303 testimonium
887 1223 1133 1300 Marklandus
1154 1235 1263 1324 negat
1284 1222 1528 1299 referendum
1552 1247 1629 1298 esse
1652 1220 1703 1296 ad
1725 1224 1943 1312 orationem,
1980 1247 2076 1327 quae
2103 1225 2214 1302 etiem

394 1369 499 1420 nunc
524 1353 640 1418 exstat
664 1341 793 1442 (praef.
816 1369 854 1444 p.
878 1345 938 1442 op
964 1345 1052 1440 W.).
1073 1343 1178 1433 Nam,
1202 1343 1390 1436 „Priora“,
1417 1345 1550 1444 inquit,
1575 1339 1804 1435 „duodecim
1829 1344 1959 1444 capita,
1985 1345 2117 1446 (priate
2134 1345 2213 1421 iere

394 1467 510 1540 totius
534 1461 738 1560 (orationis)
762 1487 859 1563 pars,
883 1461 977 1538 nihil
1007 1463 1156 1555 babent,
1190 1463 1297 1565 quod
1334 1462 1383 1539 ad
1418 1465 1536 1565 ipsam
1568 1488 1650 1539 rem
1681 1464 1875 1563 pertineat,
1914 1462 2213 1568 excideruntque

395 1583 569 1686 scriptori
590 1596 746 1686 praeter
771 1585 983 1682 opinionem
1005 1597 1122 1684 otqtae
1142 1583 1369 1657 voluntatem
1394 1609 1526 1660 suom:
1557 1582 1626 1685 ipsi
1651 1581 1724 1658 boc
1748 1608 1816 1659 nos
1841 1583 2040 1660 accredere
2065 1611 2135 1684 par
2160 1601 2214 1661 est

394 1708 432 1800 S.
458 1707 516 1780 32.
541 1702 647 1794 Nam,
673 1702 868 1802 intelligo,
894 1701 1029 1802 inquit,
1054 1729 1112 1776 me
1133 1704 1251 1804 pluro
1286 1719 1403 1780 extra
1437 1727 1593 1779 causum
1627 1705 1788 1796 dixisse,
1824 1731 1936 1808 quom
1975 1719 2045 1780 aut
2084 1710 2212 1806 opinio

396 1827 554 1913 tulerat,
596 1839 665 1898 aut
706 1826 878 1900 voluntas
916 1851 1008 1900 mea.
1060 1824 1177 1920 Quod
1208 1826 1238 1900 si
1271 1825 1322 1900 ita
1355 1837 1445 1916 erat,
1477 1825 1615 1900 licebat
1646 1825 1884 1925 interrogare,
1923 1851 2020 1928 quae
2045 1827 2213 1902 viseum

394 1948 580 2046 coegisset,
604 1958 648 2018 ut
668 1955 725 2018 tot
747 1969 977 2045 supervacua
1000 1946 1115 2020 verba
1139 1959 1279 2042 temere
1304 1941 1563 2046 profunderet
1614 1945 1665 2020 Et
1707 1947 1773 2046 qui
1805 1946 1873 2020 ista
1897 1946 1938 2020 in
1963 1946 2042 2047 ipso
2082 1945 2211 2022 limine

394 2065 570 2167 digressio
595 2065 828 2165 aproposita
851 2090 892 2140 re
918 2067 1092 2140 convenit
1117 2092 1206 2142 cum
1229 2068 1293 2142 illa
1317 2068 1396 2142 veri
1421 2067 1612 2143 Ciceronis
1636 2066 1877 2167 professione,
1909 2027 1996 2164 era
2020 2091 2102 2142 rem
2126 2094 2149 2141 a
2173 2091 2210 2142 se

393 2196 565 2258 accurate
589 2197 711 2260 actam
734 2185 908 2260 scribiti‘
932 2186 1003 2262 Cui
1029 2185 1083 2262 sic
1095 2187 1327 2289 respondeo.
1359 2189 1447 2262 Post
1471 2185 1671 2260 exordium
1694 2199 1832 2276 orator,
1856 2211 1989 2262 verens
2012 2211 2060 2260 ne
2086 2187 2210 2261 Ponti-

393 2305 509 2382 ficum
533 2308 645 2380 animi
671 2332 693 2380 a
716 2331 754 2381 se
779 2306 928 2381 alienati
950 2309 1038 2399 sint,
1063 2321 1261 2410 propterea
1285 2305 1392 2411 quod
1404 2307 1559 2382 Clodius
1584 2307 1804 2382 sententiam
1829 2305 2059 2409 dePompeio
2072 2307 2210 2382 dictam

392 2428 627 2528 vituperavit,
652 2425 702 2500 ad
726 2451 808 2502 eam
832 2427 1048 2519 orationem,
1076 2455 1171 2530 quae
1196 2431 1349 2530 proprie
1374 2443 1431 2504 est
1455 2455 1598 2520 causae,
1624 2455 1701 2504 non
1726 2431 1849 2504 statim
1867 2428 2128 2531 progreditur3
2146 2425 2212 2502 sed

394 2547 517 2622 Clodii
544 2549 712 2624 convicio
736 2549 842 2647 prius
864 2545 1091 2648 respondere
1116 2549 1284 2623 instituit.
1311 2551 1368 2624 Ac
1392 2550 1522 2625 similis
1547 2550 1725 2652 digressio
1751 2552 1791 2624 in
1817 2551 1996 2625 Oratione
2020 2575 2091 2652 pro
2128 2549 2213 2624 Mu·

393 2693 483 2740 rena
508 2665 560 2757 fit,
586 2693 618 2741 c.
651 2693 681 2741 r.
703 2682 787 2770 post
811 2666 942 2741 verba:
965 2667 1205 2770 „Antequam
1228 2693 1309 2771 pro.
1333 2671 1377 2744 L.
1402 2669 1564 2744 Murena
1589 2667 1715 2744 dicere
1741 2671 1905 2756 instituo,
1932 2695 2004 2772 pro
2031 2695 2092 2745 me
2132 2671 2210 2770 ipso

390 2812 508 2893 pauca
533 2786 692 2878 dicam“,
718 2802 755 2863 et
779 2789 819 2862 in
842 2787 1059 2878 Miloniana,
1085 2814 1199 2889 quam
1223 2791 1407 2866 Asconius
1431 2791 1482 2864 ita
1504 2788 1669 2890 perfecte
1699 2790 1876 2890 scriptam
1910 2789 2013 2882 dicit,
2044 2803 2088 2864 ut
2126 2789 2206 2864 iure
2245 2816 2249 2830 ·

391 2911 512 3012 prima
537 2906 666 2982 baberi
690 2909 816 3011 possit,
842 2934 873 2985 c.
898 2915 933 2987 3.
959 2921 1043 3010 post
1065 2907 1199 2984 verba:
1226 2909 1465 3012 „Antequam
1489 2906 1539 2983 ad
1563 2933 1645 2982 eam
1669 2908 1877 2996 orationem
1898 2909 2020 3002 renio,
2033 2931 2129 3010 quae
2155 2921 2209 2984 est

390 3033 542 3136 proprie
565 3044 713 3104 nostrae
739 3030 964 3132 quaestionis
987 3030 1167 3105 ridentur
1193 3059 1235 3104 ea
1259 3055 1336 3104 esse
1362 3027 1570 3119 refutanda,
1586 3052 1681 3130 quae
1707 3042 1744 3102 et
1768 3029 1953 3103 inSenatu
1978 3028 2026 3103 ab
2051 3029 2209 3104 inimicis

390 3177 498 3252 saepe
523 3152 655 3224 iactata
679 3163 777 3239 sunt,
804 3163 841 3223 et
865 3151 1108 3224 inconcione
1133 3176 1241 3249 saepe
1266 3147 1312 3222 ab
1338 3149 1529 3249 improbis,
1545 3162 1583 3222 et
1593 3150 1719 3249 paullo
1736 3163 1820 3224 ante
1835 3152 1883 3225 ab
1896 3153 2209 3230 accusatoribus.“

389 3273 519 3372 Neque
544 3296 586 3344 ea
610 3268 820 3344 dissimulat
843 3281 975 3346 auctor
994 3269 1219 3344 Milonianae
1245 3280 1349 3344 extra
1374 3293 1525 3343 causam
1547 3269 1674 3343 omnia
1696 3267 1890 3371 disputari,
1923 3299 2012 3349 nam
2036 3298 2068 3349 c.
2093 3300 2129 3372 9.
2155 3274 2207 3348 fa-

390 3403 534 3466 ctama
559 3415 602 3463 se
635 3388 901 3490 digressionem
923 3387 980 3462 bis
1002 3387 1127 3464 verbis
1158 3388 1315 3463 fatetur:
1348 3387 1633 3485 „Quamobrem
1665 3389 1819 3483 iudices,
1854 3406 1897 3468 ut
1927 3394 2132 3496 aliquando
2159 3397 2207 3472 ad

387 3540 535 3589 causam
562 3514 779 3614 crimenque
801 3514 1032 3586 veniamus.“
1055 3510 1182 3608 (Conl.
1209 3521 1300 3585 orat.
1327 3534 1384 3610 pr.
1398 3510 1512 3584 Arch.
1539 3536 1571 3585 c.
1597 3512 1715 3612 unq.)
1729 3511 1788 3586 Ab
1813 3529 1986 3590 accurata
2001 3517 2114 3618 igitur
2122 3520 2212 3593 scri·

387 3637 513 3735 ptione
540 3631 754 3708 huiusmodi
786 3631 1041 3732 digressiones,
1068 3656 1163 3734 quae
1188 3631 1238 3706 ad
1262 3629 1427 3705 iudicem
1455 3629 1754 3732 praeparandum
1785 3647 1851 3707 aut
1890 3636 2211 3712 reconciliandum

389 3754 608 3852 pertineant,
633 3753 787 3826 minime
812 3763 900 3827 sunt
925 3752 1065 3827 alienae
1079 3778 1090 3846 ς
1115 3751 1182 3828 sed
1204 3751 1387 3852 prooemii
1412 3751 1488 3826 rim
1508 3751 1689 3843 obtinent,
1715 3751 1840 3828 iudice
1857 3753 2102 3849 Quintiliano,
2113 3759 2142 3832 1.
2160 3757 2205 3834 0.

389 3871 452 3946 lV.
480 3897 513 3960 2,
539 3873 598 3964 24.
627 3871 742 3967 Quod
765 3895 856 3948 sero
880 3871 1041 3973 scriptor
1064 3873 1243 3948 orationis
1268 3895 1338 3971 pro
1365 3871 1478 3948 domo
1504 3876 1540 3966 S.
1573 3876 1633 3950 32.
1664 3875 1733 3949 ait:
1771 3875 1967 3975 Intelligo,
1999 3903 2056 3952 me
2092 3880 2208 3982 plura

389 4011 504 4070 extro
530 4018 686 4066 causam
708 3993 871 4083 dixisse,
896 4018 1011 4097 qnam
1036 3996 1164 4095 opinio
1189 3993 1346 4083 tulerat,
1372 4007 1442 4066 ant
1466 3994 1639 4068 voluntas
1658 4019 1763 4068 mea:
1790 3994 1831 4069 id
1856 4009 2003 4071 tantum
2027 3997 2140 4092 abest,
2168 4012 2211 4072 ut

388 4111 581 4215 significet,
606 4117 731 4188 omnia
752 4127 908 4214 praeter
931 4117 1146 4215 opinionem
1168 4126 1283 4216 atque
1309 4113 1546 4188 uoluntatem
1569 4117 1607 4188 ei
1631 4115 1839 4205 excidisse,
1863 4127 1906 4189 ut
1930 4113 2108 4217 equidem
2131 4141 2209 4192 non

383 4233 602 4336 intelligam,
626 4231 728 4334 quali
754 4231 958 4333 cupiditate
985 4233 1171 4309 adductus
1197 4233 1438 4310 Marklandus
1464 4236 1513 4309 ita
1539 4235 1802 4338 interpretatus
1828 4239 1876 4313 sit
1899 4235 2023 4327 rerba,
2045 4262 2210 4340 quornm

388 4355 523 4458 procul
548 4352 666 4428 dubio
686 4376 814 4426 sensus
839 4348 901 4427 bic
933 4362 1004 4426 est:
1031 4350 1123 4426 Non
1143 4351 1402 4454 putabamus
1425 4358 1617 4432 dicturum
1643 4383 1736 4448 esse,
1746 4383 1871 4460 neque
1896 4355 2058 4433 volebam
2081 4358 2210 4436 dicere

387 4491 466 4550 tam
490 4477 625 4562 multo,
659 4499 772 4576 quam
797 4499 855 4546 me
889 4472 1038 4546 dixisse
1076 4474 1151 4546 iam
1187 4476 1369 4576 intelligo.
1404 4476 1541 4550 Similis
1584 4476 1787 4554 excusandi
1820 4478 1983 4554 formula
2015 4481 2205 4580 reperitur

386 4600 426 4672 in
451 4599 559 4672 Verr.
584 4597 650 4686 111,
675 4597 735 4694 09.
759 4597 927 4686 „Verum
951 4594 1026 4670 buc
1051 4594 1208 4697 longius,
1233 4621 1348 4698 quam
1371 4597 1543 4672 voluntas
1566 4596 1649 4687 fuit,
1679 4597 1726 4672 ab
1764 4598 1919 4698 epistola
1956 4596 2205 4676 Timarchidis

387 4718 551 4819 digressa
576 4730 631 4790 est
655 4718 771 4790 oratio
794 4725 914 4791 mea.“
938 4715 1057 4792 Addit
1082 4721 1222 4792 Censor
1246 4717 1271 4794 l.
1297 4717 1323 4792 l.
1348 4729 1465 4794 totam
1484 4721 1691 4795 orationem
1715 4717 1836 4792 rideri
1862 4721 1968 4821 quasi
1998 4722 2050 4798 ad
2089 4747 2206 4825 quen·

389 4838 477 4912 dam
511 4835 735 4938 imperatum
769 4835 927 4912 modum
956 4836 1198 4939 longitudinis
1237 4849 1449 4916 contextam
1480 4865 1568 4928 esse,
1599 4839 1734 4939 pagina
1774 4839 1927 4942 paginae
1964 4839 2205 4920 conserenda.

387 4957 504 5055 Quod
528 4956 641 5031 velim
668 4956 718 5028 ita
743 4955 936 5058 intelligas,
961 4971 1005 5033 ut
1026 4986 1048 5033 a
1073 4959 1254 5036 Cicerone
1279 4957 1373 5032 nibil
1396 4959 1698 5058 praetermissum
1721 4973 1848 5062 putes,
1890 4989 1967 5064 quo
1993 4989 2073 5036 rem
2098 4987 2207 5037 suam

383 5077 508 5154 levare
548 5089 585 5150 et
621 5087 823 5150 sustentare
861 5089 994 5178 posset.
1040 5077 1155 5178 Atqui
1195 5078 1236 5154 id
1269 5082 1456 5182 pertinere
1487 5077 1536 5153 ad
1576 5094 1788 5158 accuratam
1812 5086 2019 5160 orationem
2043 5083 2205 5158 ridetur.

384 5193 486 5270 Nihil
513 5209 568 5269 est
592 5221 680 5296 ergo
705 5196 745 5270 in
768 5197 837 5270 isto
863 5195 1053 5273 Ciceronis
1077 5199 1300 5296 testimonio,
1327 5200 1432 5302 quod
1455 5225 1533 5276 non
1574 5204 1717 5306 egregie
1757 5205 1963 5281 consentiat
1997 5227 2085 5280 cum
2124 5229 2205 5280 ora·

381 5317 483 5390 tione
508 5341 577 5414 pro
604 5315 727 5398 domo.
