4724 6010
400 70 432 144 μ’
570 52 592 95 c

533 242 570 319 s
706 177 729 234 '⁵
839 228 855 258 ²
1159 197 1202 251 '⁴

427 375 470 474 pe.
561 372 583 418 u
1890 355 2042 470 XXVlI

35 593 40 603 -
166 625 170 634 ⁴
216 587 219 592 -
316 527 471 621 Curriic
489 523 726 637 triumphalis
751 543 904 622 auratus
929 543 1018 623 erat,
1044 528 1083 606 ά
1113 543 1277 632 quatuor
1307 533 1413 634 equis
1438 533 1532 608 albis
1557 535 1785 612 trahebatur.
1836 541 1904 614 Est
1941 545 2055 644 igitur

207 663 376 766 elegans,
403 674 446 734 ut
469 672 574 734 notat
597 656 805 743 Ernestius,
830 652 1014 754 triumphi
1039 651 1265 754 periphrasis
1291 652 1331 726 in
1354 653 1601 754 verbisequis
1626 659 1844 757 insignibus
1869 677 1906 736 et
1931 689 2053 738 curru

118 779 123 788 '
207 791 368 856 aurato.
396 776 616 872 Quaeritur,
642 801 690 848 an
715 771 864 848 Tullius
889 770 1057 846 reditum
1079 795 1193 846 suum
1215 797 1350 872 magna
1378 771 1591 874 frequentia
1615 803 1826 878 magnoque
1853 783 2054 882 splendore

207 901 453 978 celebratum
478 894 672 996 triumpho
696 919 914 998 comparare
936 892 1116 992 potuerit.
1142 893 1223 967 lloc
1246 907 1383 998 negant
1406 893 1653 970 Marllandus
1679 911 1716 970 et
1750 899 1925 990 Wolfius,
1958 902 2058 976 affir-

206 1033 324 1098 mant
348 1013 984 1108 Gesnerus,Ernestius,Weislius.
1012 1012 1190 1111 Quorum
1214 1017 1380 1117 opinioni
1407 1015 1643 1118 suffragatur,
1670 1016 1776 1120 quod
1794 1019 1927 1095 Cicero
1943 1024 2057 1096 etiam

207 1165 253 1218 se
283 1137 448 1214 humeris
472 1133 599 1208 Italiae
625 1128 859 1233 reportatum
883 1156 960 1205 esse
986 1131 1176 1232 gloriatur,
1208 1148 1244 1210 et
1277 1135 1384 1238 quod
1414 1137 1510 1210 nihil
1548 1139 1790 1244 inexspectati
1826 1153 1880 1212 est
1911 1142 1963 1243 in⁸
1985 1141 2059 1216 illis

124 1247 132 1258 ⁸
210 1260 364 1354 verbis3
387 1281 509 1360 quum
532 1251 734 1357 praecedet
756 1251 911 1356 grandis
947 1254 1150 1327 sententia:
1186 1255 1302 1350 „Quo
1336 1256 1399 1331 die
1431 1259 1515 1360 quis
1541 1260 1640 1358 ¹civis
1672 1259 1755 1351 suit,
1789 1262 1856 1362 qui
1891 1261 1947 1336 fas
1981 1287 2058 1336 esse

210 1393 384 1486 putaret,
409 1399 651 1479 quacumque
675 1385 741 1446 aut
764 1385 881 1446 aetate
907 1386 973 1446 aut
995 1371 1212 1449 valetudine
1237 1389 1342 1465 esset,
1367 1403 1447 1452 non
1471 1404 1510 1453 se
1537 1379 1584 1453 de
1604 1379 1722 1454 salute
1738 1408 1821 1454 mea
1836 1384 2059 1476 sententiam
2126 1373 2129 1389 ”

211 1499 343 1578 ferret
367 1495 531 1600 Quando
556 1506 699 1567 tantam
720 1492 973 1594 frequentiam
999 1493 1039 1566 in
1064 1517 1208 1594 campo,
1233 1505 1381 1567 tantum
1405 1494 1645 1594 splendorem
1671 1499 1798 1572 Italiae
1824 1504 1938 1576 totius
1957 1503 2058 1578 ordi-

213 1643 390 1718 numque
416 1616 611 1706 omnium;
637 1611 791 1714 quando
818 1612 882 1686 illa
903 1611 1080 1712 dignitate
1107 1625 1307 1713 rogatores,
1337 1611 1564 1707 diribitores,
1596 1618 1846 1720 custodesque
1870 1621 2057 1698 vidistisl“

217 1739 340 1838 Quod
363 1762 455 1814 vero
470 1737 668 1810 Ernestiu's
681 1732 858 1823 declaret,
875 1733 1002 1806 minus
1024 1728 1247 1806 invidiosam
1260 1757 1336 1806 esse
1362 1731 1654 1837 descriptionem
1680 1739 1835 1840 proprio
1867 1741 2054 1816 vocabulo

213 1853 416 1958 triumplu,
449 1853 491 1930 id
522 1854 604 1928 iure
636 1849 790 1926 videtur
818 1850 1135 1942 animadvertisse,
1177 1849 1266 1950 quia
1303 1849 1485 1951 triumphi
1524 1852 1761 1942 vocabulum,
1800 1869 1843 1929 ut
1866 1857 2058 1932 Weislius

216 1988 272 2064 ad
297 1983 335 2068 h.
360 1985 385 2058 l.
412 1983 603 2073 monetin
628 1979 797 2056 animum
822 1978 969 2054 facilius
994 1993 1203 2056 revocasset
1226 1977 1341 2088 factas
1367 1979 1530 2054 hostium
1544 1978 1668 2056 clades
1682 1995 1719 2055 et
1730 1983 1912 2084 inpompa
1924 1981 2058 2058 ductos

220 2111 394 2188 homines
420 2109 567 2183 vinctos
592 2117 631 2178 et
654 2105 704 2179 ad
728 2129 862 2178 necem
886 2103 1098 2216 destinatos.

317 2227 366 2302 II.
402 2231 457 2298 De
494 2221 661 2298 secunda
698 2223 877 2314 oratione,
916 2220 971 2320 ad¹
1005 2219 1173 2315 Quirites
1209 2231 1296 2318 post
1333 2216 1515 2318 reditum,
1557 2218 1717 2291 Beclius
1758 2215 1850 2292 haec
1893 2222 2053 2294 maxime

222 2344 500 2424 animadvertit:
524 2342 684 2439 „Quum
709 2345 747 2418 in
771 2343 903 2445 populi
929 2345 1041 2420 etiam
1070 2344 1250 2418 concione
1276 2367 1364 2431 non,
1391 2339 1583 2442 quidquid
1617 2341 1655 2414 in
1686 2341 1848 2414 buccam
1885 2344 2054 2430 venisset,

223 2465 297 2541 dici
325 2464 502 2566 potuerit,
527 2487 606 2535 non
632 2461 834 2536 existimari
860 2473 992 2562 potest,
1008 2489 1142 2538 verum
1167 2462 1390 2537 Ciceronem
1414 2475 1492 2534 tam
1515 2486 1650 2560 parum
1676 2459 1846 2559 religiose
1860 2462 1904 2554 (c.
1922 2469 1955 2538 8.
1972 2469 2057 2561 ro),

222 2584 374 2660 definite
399 2586 448 2680 (c.
475 2585 537 2681 5.)‚
562 2607 650 2657 vere
676 2583 790 2654 atrei
816 2582 1095 2658 accommodate
1121 2587 1169 2679 (c.
1194 2585 1262 2680 5.)‚
1291 2583 1402 2655 latine
1424 2583 1472 2680 (c.
1504 2607 1534 2660 ι.
1559 2583 1646 2678 etc.)
1672 2578 1866 2654 dicturum
1889 2579 1937 2653 ad
1963 2582 2057 2676 Qui-

223 2711 313 2784 rites
335 2708 462 2798 luisse,
489 2717 532 2778 ut
557 2705 596 2778 in
617 2703 731 2778 buius
750 2702 1030 2780 declamationis
1053 2704 1181 2778 multis
1206 2704 1297 2778 locis
1322 2700 1465 2776 factum
1489 2727 1566 2776 esse
1591 2701 1802 2776 videmus«

318 2828 360 2902 C.
388 2831 423 2902 8.
452 2823 708 2916 ,‚Polliceh⁰r:
731 2825 910 2924 primum,
935 2850 1010 2926 qua
1035 2825 1252 2900 sanctissimi
1279 2823 1447 2897 homines
1464 2823 1600 2923 pietate
1622 2851 1707 2924 erga
1724 2825 1814 2900 deos
1831 2829 2058 2904 immortales

222 2973 299 3024 esse
323 2947 455 3034 solent,
482 2945 613 3020 eadem
637 2970 698 3018 me
724 2969 813 3044 erga
851 2946 1037 3045 populum
1065 2949 1278 3020 Romanum
1310 2969 1459 3046 semper
1497 2945 1596 3038 fore3
1635 2971 1854 3046 numenque
1888 2962 2056 3024 vestrum

223 3095 342 3170 aeque
368 3066 459 3140 mihi
485 3091 596 3166 grave
621 3079 659 3140 et
683 3079 865 3154 sanctum,
890 3089 934 3138 ac
959 3062 1120 3139 deorum
1144 3065 1429 3155 immortalium,
1455 3067 1494 3138 in
1519 3065 1621 3138 omni
1648 3064 1725 3138 uita
1748 3065 1960 3142 saturum.“

323 3193 477 3266 Numen
501 3187 682 3290 significat
705 3189 949 3276 voluntatem,
974 3193 1255 3278 auctoritatem,
1283 3215 1405 3288 quum
1435 3189 1607 3274 deorum,
1641 3200 1723 3260 tum
1749 3187 1956 3284 bominum,
1990 3196 2055 3294 qui
2090 3258 2095 3272 ,

225 3313 297 3388 diis
322 3308 605 3412 quodammodo
626 3308 768 3382 ‘similes
794 3308 1013 3382 habeantur.
1038 3307 1095 3382 Ita
1120 3311 1196 3383 Cic.
1222 3309 1317 3384 Phil.
1345 3307 1411 3396 lll,
1444 3309 1496 3382 13.
1522 3307 1685 3407 „Magna
1709 3309 1764 3381 vis
1790 3324 1854 3398 est,
1880 3337 2057 3412 magnum

222 3461 365 3510 numen
390 3459 513 3506 unum
536 3444 574 3504 et
599 3428 701 3504 idem
725 3431 916 3503 sentientis
941 3429 1135 3502 Senatus.“
1159 3432 1241 3502 Liv.
1266 3430 1341 3518 Vll,
1367 3430 1427 3510 30.
1461 3427 1664 3519 „Adnuite,
1690 3431 1817 3502 Patres
1842 3433 2054 3532 conscripti,

221 3568 360 3632 nutum
382 3575 600 3653 numenque
625 3563 793 3626 vestrum
817 3549 1001 3624 invictum
1013 3548 1249 3649 Campanis.“
1274 3549 1504 3644 Quinetiam
1529 3548 1672 3649 legibus
1697 3576 1836 3624 necmen
1861 3550 2054 3642 tribuitur,

218 3677 268 3752 de
293 3676 416 3749 Divin.
442 3679 469 3761 1,
501 3697 554 3744 ια.
581 3672 827 3772 „elapsaeque
851 3682 998 3745 vetusto
1022 3670 1178 3744 numine
1204 3669 1341 3770 leges.“
1383 3671 1486 3744 Dicit
1512 3695 1598 3772 ergo
1625 3673 1794 3773 Scriptor
1818 3673 1913 3747 nihil
1939 3675 2055 3766 aliud,

220 3797 289 3870 nisi
312 3793 447 3897 populi
471 3796 634 3868 Romani
657 3795 925 3866 auctoritatem
948 3815 1069 3892 aeque
1093 3791 1166 3866 sibi
1189 3819 1345 3891 grauem
1373 3807 1411 3866 et
1435 3806 1622 3880 reiectam,
1647 3819 1694 3867 ae
1725 3795 1882 3868 deorum
1909 3801 2057 3872 immor-

222 3917 355 3992 talium
370 3901 557 4016 futuram
580 3940 673 3990 esse.
703 3913 787 3988 Non
811 3911 902 3986 facit
925 3911 1111 4014 populum
1134 3913 1346 3990 Romanum
1371 3915 1442 3990 diis
1473 3917 1676 4017 aequalem,
1709 3943 1787 3992 non
1820 3917 1924 4009 dicit,
1966 3918 2055 3993 deos

221 4063 298 4114 esse
330 4037 509 4133 Quirites,
543 4036 650 4137 quod
680 4035 925 4112 Marklandus
964 4049 1104 4112 temere
1136 4039 1348 4114 contendit:
1386 4039 1453 4113 sed
1482 4039 1685 4142 pollicetur
1715 4055 1873 4132 tantum,
1906 4068 1944 4118 se
1977 4070 2054 4117 non

219 4163 343 4236 minus
365 4162 475 4262 pium
498 4173 536 4234 et
558 4158 774 4260 religiosum
799 4159 1056 4262 ergaQuirites
1080 4159 1297 4260 lore,quam
1322 4185 1409 4262 erga
1434 4160 1575 4248 deos,s.
1603 4187 1721 4262 aeque
1749 4163 1832 4238 illos
1848 4161 2053 4253 culturum,

222 4283 308 4358 sesi
326 4295 445 4356 essent
459 4280 511 4355 dii
533 4278 772 4358 immortales.
795 4277 871 4352 Sed
893 4278 1000 4380 finge,
1030 4280 1243 4377 Quiritibus
1267 4282 1421 4356 attribui
1454 4281 1702 4356 divinitatem:
1740 4283 1873 4383 quidni
1889 4281 2054 4356 feramus

220 4403 291 4478 hoc
301 4405 394 4493 loco,
404 4401 509 4504 quod
519 4398 1024 4501 totiesfitapudCiceronem,
1033 4402 1250 4478 uthomines
1275 4428 1364 4478 cum
1390 4403 1460 4478 diis
1469 4403 1830 4504 conferanturatque
1848 4401 2055 4478 indeorum

219 4550 378 4598 numero
402 4521 611 4624 ponantur?
633 4520 760 4598 Veluti
786 4545 857 4620 pro
882 4519 1045 4608 Plancio,
1071 4546 1104 4596 c.
1136 4546 1189 4593 12.
1215 4545 1330 4609 „cum
1353 4533 1518 4620 parente,
1546 4547 1660 4621 quem
1685 4534 1838 4596 veretur
1871 4535 1914 4593 ut
1940 4521 2054 4596 deum

219 4649 357 4748 (neque
382 4659 437 4719 est
460 4645 579 4722 multo
605 4671 711 4720 secus
735 4667 869 4745 parens
893 4632 1075 4730 liberis).“
1098 4668 1169 4742 pro
1194 4641 1330 4733 Sextio,
1357 4667 1389 4718 c.
1414 4643 1473 4721 68.
1499 4641 1653 4737 „Quare
1686 4643 1879 4724 imitemur
1908 4658 2053 4720 nostros

218 4769 366 4856 Brutos,
393 4766 579 4856 Camillos,
621 4765 768 4854 Ahalas,
800 4765 947 4854 Decios,
981 4764 1127 4856 Curios,
1161 4765 1363 4854 Fabricios,
1400 4764 1596 4858 Maximos,
1628 4767 1831 4868 Scipiones,
1863 4767 2054 4855 Lentulos,

217 4885 406 4973 Aemilios,
433 4883 727 4960 innumerabiles
752 4885 854 4974 alios,
881 4910 976 4987 quos
1002 4886 1179 4986 equidem
1205 4887 1244 4958 in
1270 4884 1430 4958 deorum
1455 4883 1726 4959 immortalium
1759 4899 1870 4961 coetu
1908 4910 1952 4958 ac
1985 4909 2056 4956 nu-

215 5025 319 5076 mero
343 5013 523 5101 repono.“
548 5004 587 5076 in
611 5004 746 5091 Pison,
772 5029 806 5082 c.
820 5030 855 5102 9.
882 5001 1253 5106 „Q.Metelli,quem
1279 5029 1345 5104 ego
1366 5005 1497 5093 civem,
1513 5029 1598 5080 meo
1625 5003 1777 5096 iudicio,
1790 5029 1878 5080 cum
1893 5002 2053 5076 deorum

218 5125 486 5202 immortalium
511 5125 622 5202 laude
648 5126 875 5230 coniungo.“
898 5155 969 5229 pro
984 5127 1121 5218 Rabir,
1148 5153 1179 5204 c.
1196 5155 1229 5202 2.
1254 5123 1697 5228 „quorum[Quiritium)
1710 5137 1869 5225 potestas
1884 5123 2054 5224 proxime

17 5207 25 5464 i

19 5611 26 5902 l
