4724 6010
359 203 450 282 xv1

358 395 471 484 Maio,
496 418 668 496 quaeque
692 390 853 466 Asconio
878 389 1041 466 Pediano
1066 389 1344 466 adscribuntur.
1371 390 1629 487 Quamobrem
1653 419 1720 496 ego
1745 402 2105 478 commemoranda
2142 409 2232 506 qui-
2301 344 2303 391 l

360 515 448 590 dem
473 541 515 588 ea
539 513 664 616 putari
690 511 725 584 h.
739 511 775 601 l.,
789 510 886 585 atde
907 510 981 598 lite,
1009 535 1104 611 quae
1130 511 1329 587 intercedit
1353 539 1484 588 eorum
1509 517 1693 592 inventori
1720 545 1809 594 cum
1832 523 1915 596 viro
1939 525 2103 600 illustri
2136 527 2229 600 Nie-

361 635 509 726 buhrio,
536 637 601 736 qui
625 647 743 734 negat,
769 631 816 706 ab
841 632 1003 706 Asconio
1018 629 1180 704 Pediano
1205 634 1342 734 scripta
1368 659 1456 724 esse,
1481 661 1703 738 cognoscere
1728 655 1765 714 et
1789 641 1956 718 iudicare
1969 672 2061 720 non
2087 653 2225 748 potui.

458 757 491 830 3.
525 756 655 828 Faetus
682 754 948 851 Qomrrnmrus
985 753 1193 826 orationem
1225 751 1272 824 de
1306 753 1557 855 Haruspicum
1587 761 1782 858 responsis,
1817 775 1860 835 ut
1885 764 2222 855 Ciceronianam,

363 875 489 950 laudat
513 878 541 949 1.
569 875 614 950 Ο.
641 878 686 966 V,
723 903 774 966 11,
802 875 860 969 42.
910 876 1093 965 „Ponitur
1118 901 1139 946 a
1165 871 1402 975 quibusdam,
1428 877 1644 976 etquidem
1670 880 1992 982 inparteprima,
2019 885 2218 960 deorum

362 997 571 1088 auctoritas,
599 1021 696 1098 quae
721 1010 775 1070 est
800 1022 847 1069 ex
870 995 1074 1095 responsis3
1115 1006 1157 1066 ut
1186 993 1377 1068 Socratem
1402 1019 1479 1068 esse
1512 997 1832 1096 sapientissimum
1881 1001 1929 1076 Id
1952 1031 2105 1078 rarum
2135 1019 2216 1096 est;

363 1132 486 1194 tamen
511 1118 632 1190 utitur
656 1143 700 1189 ea
731 1116 861 1226 Cicero
888 1117 927 1189 in
952 1114 1049 1188 libro
1073 1113 1121 1186 de
1146 1115 1397 1214 Haruspicum
1421 1115 1641 1212 responsis.“
1688 1117 1746 1188 De
1776 1121 1942 1196 oratione
1974 1149 2050 1223 pro
2084 1123 2216 1199 domo

362 1238 487 1326 refert,
514 1235 671 1309 eandem
696 1260 845 1309 causam
869 1260 891 1307 a
912 1235 964 1306 M.
992 1233 1136 1308 Calidio
1161 1231 1301 1306 dictam
1325 1257 1412 1320 esse,
1437 1233 1467 1305 Ι.
1493 1231 1537 1306 O.
1563 1235 1612 1323 X,
1642 1260 1670 1322 t,
1695 1237 1756 1310 23.
1796 1238 1928 1334 „Quin
1960 1245 2088 1318 ctiam
2130 1271 2216 1318 eas-

363 1357 451 1432 dem
477 1381 615 1444 causas,
641 1369 684 1428 ut
709 1355 867 1454 quisque
893 1356 1020 1454 egerit,
1046 1353 1137 1426 utile
1162 1353 1235 1424 erit
1257 1351 1370 1425 scire:
1407 1377 1495 1426 nam
1518 1378 1587 1453 pro
1612 1352 1726 1428 domo
1752 1359 1941 1434 Ciceronis
1965 1361 2068 1436 dixit
2103 1363 2212 1436 Cali-

363 1479 465 1553 dius:
494 1492 531 1551 et
555 1502 624 1578 pro
649 1476 790 1550 Milone
813 1477 1019 1550 orationem
1043 1481 1178 1548 Brutus
1199 1471 1470 1547 exercitationis
1494 1473 1611 1574 gratia
1625 1477 1781 1578 scripsit,
1807 1479 1949 1554 etiamsi
1963 1484 2087 1582 egisse
2104 1509 2206 1556 eum

365 1600 559 1674 Cornelius
585 1597 714 1672 Celsus
738 1595 831 1670 falso
857 1597 1077 1668 existimat.“

460 1720 581 1791 Huius
606 1715 844 1790 eruditissimi
870 1714 1027 1792 rhetoris
1048 1715 1306 1789 auctoritatem
1330 1714 1539 1790 convellere
1556 1718 1970 1798 conaturMarllandus
1993 1749 2049 1814 eo,
2080 1725 2200 1826 quod
2302 1735 2303 1748 ¹

363 1849 491 1910 monet
517 1837 555 1907 in
580 1834 695 1934 praei.
722 1833 769 1908 ad
795 1835 848 1910 lv
873 1833 991 1907 Oratt.
1017 1860 1053 1935 p.
1079 1835 1149 1936 75,
1174 1833 1221 1906 ab
1247 1834 1379 1908 eodem
1401 1834 1530 1924 Fabio,
1555 1851 1598 1910 ut
1622 1838 1890 1930 Sallustianam,
1915 1843 2062 1918 laudari
2095 1845 2202 1918 duo-
2301 1901 2305 1956 ρ

363 1955 435 2029 bus
460 1953 550 2028 locis
576 1955 654 2051 (lv,
687 1980 716 2042 1,
741 1955 799 2028 68.
827 1967 863 2026 et
886 1953 954 2042 IX,
980 1955 1014 2042 3,
1040 1957 1115 2052 89.)
1141 1955 1361 2030 invectivam
1386 1961 1591 2034 orationem
1615 1963 1653 2034 in
1680 1963 1908 2052 Ciceronem,
1931 1992 2045 2064 quam
2070 1967 2198 2040 hodie
2301 1979 2303 2012 ¹

364 2103 492 2152 omnes
516 2102 586 2177 pro
611 2079 798 2176 supposita
821 2075 991 2148 habeant.
1040 2075 1090 2150 At
1115 2078 1272 2166 Cottius,
1297 2077 1546 2152 nobilissimus
1571 2079 1752 2180 interpres
1767 2080 1877 2158 huius
1891 2084 2193 2174 declamationis,

362 2196 534 2285 ostendit,
572 2209 775 2296 utrumque
799 2195 906 2270 Fabii
932 2197 1059 2272 locum
1090 2197 1354 2296 interpolatum
1383 2221 1471 2284 esse,
1507 2198 1560 2270 sic
1585 2200 1896 2296 mgumentando:
1945 2205 2192 2293 „Posteriora

364 2316 520 2420 quidem
544 2315 628 2390 loco
645 2318 683 2389 in
708 2329 780 2390 ret
807 2317 890 2391 cod.
905 2315 1174 2393 Almeloveenii
1193 2343 1270 2390 non
1285 2316 1354 2418 legi
1371 2317 1437 2390 ista
1452 2316 1682 2410 Sallustiana,
1696 2332 1852 2394 testatur
1864 2319 1910 2394 cl.
1921 2323 2190 2414 Burmannus3

363 2464 488 2540 neque
514 2437 561 2510 ab
589 2436 654 2510 illo
680 2437 816 2536 scripta
847 2463 890 2511 ea
922 2463 1009 2528 esse,
1042 2467 1073 2537 p,
1094 2464 1112 2500 t
1144 2449 1246 2512 certo
1279 2436 1464 2510 affirmare
1492 2463 1654 2539 possum
1704 2441 1829 2541 Atque
1855 2440 1955 2514 idem
1981 2441 2029 2515 de
2053 2444 2191 2542 priore

364 2583 506 2632 censeo.
558 2557 689 2653 Quum
713 2555 809 2632 forte
834 2559 1016 2632 litterator
1040 2558 1174 2658 aliquis
1200 2557 1291 2652 (non
1317 2553 1451 2647 dicem,
1479 2559 1555 2656 ipse
1579 2563 1732 2648 Auctor,
1758 2561 1928 2660 quisquis
1950 2562 2075 2650 fuerit,
2103 2587 2188 2662 quo

363 2679 502 2779 ingenii
527 2679 583 2750 sui
610 2692 854 2753 monumento
878 2679 1136 2754 auctoritatem
1170 2675 1400 2773 conciliaret)
1439 2701 1508 2776 pro
1545 2677 1715 2774 exemplo
1746 2679 1904 2777 margini
1941 2681 2009 2754 ista
2039 2681 2186 2756 adscri-

362 2799 502 2896 psisset,
528 2797 758 2887 factumest,
784 2814 827 2872 ut
850 2815 975 2900 postea
999 2801 1038 2872 in
1063 2811 1279 2873 contextum
1304 2795 1530 2893 irrepserint
1558 2793 1639 2868 Hoc
1662 2793 1780 2868 altero
1803 2797 1887 2870 loco
1911 2811 2018 2874 vetus
2043 2799 2181 2889 codex,

364 2917 481 2990 altero
507 2928 632 2990 autem
656 2919 734 3016 ipsa
758 2921 985 2992 constructio
1009 2915 1117 2990 valde
1142 2915 1340 2989 verisimile
1365 2912 1569 2986 efficiunt“

461 3063 496 3154 4.
522 3066 757 3136 Pnurmcuus
782 3065 822 3134 in
844 3063 918 3139 vit.
944 3062 1020 3134 Cic.
1046 3083 1077 3132 c.
1103 3059 1162 3132 31.
1189 3068 1315 3129 narrat
1339 3053 1391 3144 id,
1417 3055 1522 3156 quod
1545 3057 1709 3134 traditur
1732 3061 1844 3136 etiam
1855 3061 1903 3136 ad
1918 3063 2085 3161 Quirites
2095 3079 2180 3168 post

364 3181 529 3257 reditum
556 3185 591 3274 S.
618 3185 665 3270 8.,
690 3207 760 3280 pro
786 3183 964 3256 Cicerone
988 3193 1129 3253 vestem
1151 3190 1311 3274 mutasse
1336 3173 1530 3250 hominum
1555 3179 1683 3278 viginti
1711 3181 1839 3254 millia.
1891 3198 1932 3264 ot
1960 3202 2015 3278 par
2042 3201 2111 3263 tata
2137 3205 2178 3279 τῷ

363 3311 495 3388 Κικέρωνι
524 3307 633 3386 πρῶτον
653 3309 702 3382 μὲν
722 3303 814 3382 ritiyou
840 3309 895 3366 δεῖν
924 3303 1033 3382 σύμπαν
1057 3305 1088 3364 τὸ
1113 3302 1167 3364 mir
1193 3300 1309 3362 ἱππικοῖσι
1338 3299 1449 3372 πλῆθος
1474 3303 1651 3377 συμμετέβαλε
1675 3302 1725 3377 τὴν
1751 3305 1858 3380 ἐσθῆτα
1880 3307 1926 3366 sal
1951 3309 2099 3387 δισμυρίων
2126 3303 2177 3368 osis

363 3422 487 3492 ἐλάττους
505 3421 812 3502 sacramentotenus
831 3426 961 3498 sapsas,
980 3423 1026 3482 nai
1043 3417 1254 3488 perimmensa.
1277 3399 1331 3472 ll).
1359 3425 1391 3472 c·
1413 3400 1472 3472 33.
1498 3399 1630 3474 Cicero
1656 3400 1807 3496 tllcllur,
1832 3403 2009 3504 gloriatus
2034 3431 2123 3496 esse,
2138 3431 2177 3479 se

363 3535 595 3623 reportatum
618 3523 782 3597 humeris
807 3525 950 3618 Italiae;
985 3521 1089 3626 quod
1115 3547 1190 3596 uno
1216 3535 1362 3595 tantum
1388 3518 1470 3595 loco
1496 3517 1538 3593 fit
1564 3520 1603 3594 in
1628 3521 1707 3596 eius
1733 3524 1893 3624 scriptis,
1942 3551 2077 3624 nempe
2101 3525 2171 3600 sub

364 3641 478 3716 finem
503 3668 557 3716 or.
582 3655 665 3742 post
691 3641 855 3716 reditum
893 3645 931 3714 in
962 3641 1110 3714 Senatu.
1142 3638 1267 3716 Verba
1302 3634 1489 3711 Plutarchi
1516 3650 1620 3710 sunt:
1667 3655 1725 3718 rat
1743 3625 2110 3741 marmandam&
2131 3661 2177 3722 „a
2305 3657 2306 3660 ’

362 3765 467 3840 σπουδὴ
486 3765 548 3835 τοὺς
567 3763 731 3844 ἀνθρώπους
749 3767 809 3846 περὶ
826 3764 876 3838 τὴν
890 3761 1038 3838 ἀπάντησιν
1058 3758 1133 3834 εἶχεν,
1154 3758 1205 3826 aies
1223 3758 1254 3817 τὸ
1274 3761 1361 3834 ῥηθὲν
1388 3755 1450 3816 v‘nt
1477 3760 1629 3835 Κικέρωνος
1653 3755 1750 3839 rimport
1779 3762 1925 3842 ἐνδεξςεροιι
1952 3761 2019 3824 οἶνοι
2043 3767 2091 3839 τῆς
2109 3763 2177 3840 ἅλη-
2305 3825 2306 3828 ,

363 3874 451 3942 θείοις·
471 3871 522 3946 ἔφη
541 3870 604 3949 γὰρ,
627 3867 710 3930 αὐτὸν
727 3873 770 3930 tut
788 3871 841 3930 tois
861 3868 941 3948 tipus
959 3868 1008 3943 τὴν
1025 3865 1139 3927 Ἰταλίαν
1160 3865 1296 3940 φέρουσαν
1314 3857 1352 3924 εἷς
1370 3857 1419 3931 τὴν
1433 3857 1542 3935 'Poipnr
1562 3859 1718 3939 tkrrryuatr.

461 3993 495 4066 5.
545 3991 686 4066 Nomos
723 3990 943 4064 Μοσσοιουσ
987 4015 1014 4064 ο.
1044 4014 1078 4063 v.
1123 3985 1279 4060 imitatio
1311 4007 1330 4053 e
1365 4005 1442 4080 cap.
1475 4006 1504 4062 1.
1529 4007 1583 4062 or.
1615 4008 1684 4083 pro
1709 3985 1889 4060 Marcello
1914 3991 2061 4062 recitat:
2111 3989 2177 4066 itta
2305 4039 2306 4074 2

366 4113 512 4186 aemulo
562 4126 677 4216 atque
722 4111 909 4184 imitatore
956 4111 1168 4184 stadiorum
1216 4127 1392 4175 meorum.
1440 4098 1486 4174 ld
1522 4103 1660 4178 mirum
1691 4105 1842 4180 ridetur
1870 4109 2010 4184 Wolfio
2046 4110 2174 4212 (praef.

366 4232 483 4303 Mamc.
508 4258 543 4330 p.
570 4233 635 4328 9.),
661 4230 723 4303 cui
749 4228 796 4303 de
822 4227 1007 4302 consulari
1025 4229 1106 4300 viro
1134 4222 1305 4324 displicet
1328 4247 1411 4301 voc.
1436 4225 1616 4312 imitator,
1653 4225 1718 4298 etsi
1745 4225 1793 4298 de
1817 4227 1961 4300 minore
1986 4240 2092 4306 natu.
2128 4228 2176 4301 At

365 4348 550 4420 Weislius
576 4347 685 4420 docet
709 4349 923 4444 (comment.
947 4341 996 4417 ad
1019 4343 1136 4416 Marc.
1157 4367 1192 4442 p,
1219 4347 1304 4442 29.),
1332 4346 1554 4416 imitatorem
1577 4369 1654 4416 non
1678 4342 1800 4418 solum
1825 4371 1902 4420 esse
1928 4374 2026 4436 eum,
2052 4347 2175 4448 quiad

367 4466 731 4566 alteriusexemplar
756 4493 793 4540 se
820 4489 1042 4568 componere
1067 4462 1215 4536 studeat
1237 4488 1360 4562 neque
1387 4460 1427 4534 id
1451 4487 1602 4562 prorsus
1629 4477 1856 4562 assequatur,
1883 4466 1950 4541 sed
1967 4469 2076 4540 etiam
2091 4469 2176 4541 sim-

367 4583 527 4686 pliciter,
550 4587 615 4683 qui
643 4585 743 4657 idem
768 4597 859 4684 agat,
885 4585 1016 4659 eadem
1040 4582 1162 4656 studia
1187 4592 1382 4680 sequatur3
1432 4583 1493 4672 ita,
1529 4594 1571 4655 ut
1594 4582 1667 4655 hoo
1701 4608 1778 4656 non
1802 4586 1915 4660 simul
1939 4585 2175 4688 significetur,

368 4702 530 4776 eundem
555 4728 630 4776 esse
654 4703 870 4780 inferiorem
895 4720 932 4779 et
957 4731 1037 4780 rem
1060 4729 1166 4778 suam
1191 4728 1298 4802 agere
1324 4697 1502 4790 deterius,
1561 4699 1627 4772 sed
1652 4712 1693 4774 ut
1718 4703 1828 4778 etiam
1852 4707 2042 4780 aemulum
2069 4707 2174 4778 illum
2303 4695 2306 4770 s

367 4819 689 4918 superarepossit.
715 4819 838 4918 Atque
867 4821 976 4892 etiam
999 4823 1138 4894 Brutus
1163 4817 1332 4908 affirmat,
1357 4818 1583 4893 Marcellum
1608 4817 1718 4893 fuisse
1730 4821 1952 4895 imitatorem
1973 4821 2172 4910 Ciceronis,

368 4940 408 5011 in
432 4937 531 5012 Tull.
558 4936 653 5012 libro
667 4933 715 5011 de
741 4935 849 5012 claris
860 4948 1005 5028 orator,
1031 4959 1062 5010 o
1078 4963 1136 5038 71.
1160 4935 1273 5032 „Vidi
1299 4941 1397 5014 enim
1410 4935 1600 5035 Mitylenis
1618 4963 1740 5040 nuper
1762 4938 1886 5014 virum
1909 4937 2171 5038 (Marcellum),
2297 4941 2304 4981 ³¹
