4724 6010
343 359 437 442 XIV

344 556 533 631 Maximus
558 552 690 628 eodem
713 551 838 640 modo,
871 575 986 653 quem
1024 549 1063 624 in
1099 544 1354 648 superioribus
1390 543 1568 646 exemplis
1607 543 1934 646 deprehendimus,
1974 549 2168 626 immutata

345 675 479 776 repetit
502 673 531 763 1,
562 701 592 746 ι.
642 672 860 774 „Syracusis
884 670 1085 770 Dionysius
1111 669 1257 769 genitus
1280 677 1336 740 tot
1360 664 1550 766 sacrilegia
1574 687 1651 753 sua,
1660 679 1753 766 quot
1768 667 1842 742 iam
1853 675 2166 778 recognoscimus,

342 796 475 870 iocosis
500 793 608 869 dictis
632 795 807 894 prosequi
832 791 1030 891 voluptatis
1056 788 1139 862 loco
1165 786 1284 860 duxit.
1311 785 1416 856 Fano
1443 786 1544 858 enim
1566 787 1810 886 Proserpinae
1834 787 1989 889 spoliato
2020 793 2162 883 Locris,

344 940 465 1015 quum
487 941 557 1016 per
580 913 699 987 altum
723 911 889 986 secundo
913 923 1024 984 vento
1049 907 1161 982 classe
1186 903 1396 992 veheretur,
1412 900 1540 976 ridens
1564 904 1702 994 amicis,
1730 906 1942 998 Videtisne,
1964 913 2026 1000 eit,
2052 939 2166 1014 quam

344 1033 442 1106 bona
466 1036 655 1133 nauigatio
680 1031 727 1104 ab
752 1035 845 1132 ipsis
868 1031 943 1104 diis
967 1023 1238 1102 immortalibus
1261 1023 1462 1120 sacrilegis
1486 1021 1709 1097 tribuatur?
1744 1025 1920 1101 Detracto
1946 1030 2058 1104 etiam
2080 1034 2163 1106 lovi

345 1152 524 1253 Olympio
548 1153 669 1251 magni
696 1148 873 1251 ponderis
898 1171 1011 1220 aureo
1036 1143 1208 1232 amiculo,
1235 1165 1312 1242 quo
1337 1165 1426 1215 eum
1441 1143 1642 1241 Tyrannus
1667 1143 1803 1232 Hiero,
1829 1169 1850 1217 e
1874 1147 2059 1222 manubiis
2076 1150 2163 1225 Car-

344 1271 631 1372 thaginiensium
656 1281 862 1357 ornaverat,
897 1269 1107 1366 iniectoque
1140 1265 1173 1338 ei
1203 1261 1311 1334 laneo
1341 1261 1464 1361 pallio,
1497 1260 1602 1352 dixit,
1642 1277 1785 1337 aestate
1814 1291 1930 1364 grave
1959 1272 2161 1342 amiculum

345 1416 504 1464 aureum
529 1415 626 1475 esse,
656 1387 775 1460 hieme
795 1385 1012 1485 frigidum:
1051 1383 1201 1456 laneum
1240 1395 1365 1456 autem
1401 1383 1452 1454 ad
1482 1395 1686 1484 utrumque
1724 1399 1869 1486 tempus
1901 1392 1997 1460 anni
2024 1395 2159 1490 aptius.

343 1510 450 1582 Idem
474 1508 656 1607 Epidauri
682 1502 903 1604 Aesculapio
927 1503 1083 1576 barbam
1108 1528 1259 1576 auream
1285 1500 1384 1575 demi
1407 1501 1525 1574 iussit:
1553 1502 1658 1602 quod
1681 1501 1893 1594 affirmaret,
1918 1531 1995 1580 non
2033 1533 2158 1584 conue-

343 1635 439 1719 nire,
459 1643 607 1730 patrem
619 1617 832 1726 Apollinem
857 1623 1070 1710 imberbem,
1096 1627 1218 1724 ipsum
1242 1620 1439 1694 barbatum
1463 1626 1641 1722 conspici.
1671 1622 1778 1696 Idem
1801 1651 1945 1700 mensas
1970 1643 2158 1727 argenteas

345 1763 456 1850 atque
481 1773 610 1822 aureas
637 1773 657 1819 e
682 1745 776 1818 fanis
801 1743 972 1817 sustulit:
1001 1741 1179 1844 quodque
1206 1745 1245 1816 in
1270 1741 1326 1816 bis
1351 1743 1647 1818 moreGraeciae
1671 1747 1853 1846 scriptum
1878 1748 2155 1837 crat,bonorum

344 1873 500 1945 deorum
525 1895 589 1943 eas
613 1893 710 1956 esse,
737 1870 796 1940 uti
818 1891 859 1938 se
883 1865 1049 1939 bonitate
1062 1860 1442 1964 eorumpraedicavit
1466 1861 1574 1936 Idem
1599 1865 1771 1940 victorias
1796 1893 1925 1942 aureas
1951 1881 1988 1942 et
2012 1883 2153 1969 pateras

345 2004 381 2064 et
406 2013 571 2077 coronas,
598 2013 693 2087 quae
717 1984 1007 2060 simulacrorum
1036 1985 1217 2084 porrectis
1248 1980 1420 2056 manibus
1452 1981 1741 2075 sustinebantur,
1771 1985 1925 2061 toHebat
1957 2000 1995 2062 et
2025 2014 2086 2064 eas
2116 2016 2156 2065 se

343 2113 531 2211 accipere,
558 2133 634 2180 non
675 2106 855 2206 auferre,
882 2103 1047 2179 dicebat:
1084 2128 1268 2206 perquam
1305 2101 1465 2175 stultum
1498 2127 1580 2176 esse
1615 2106 1919 2204 argumentando,
1955 2135 1980 2180 a
2018 2109 2155 2210 quibus

342 2227 440 2300 bona
460 2249 721 2326 precaremur,
747 2223 793 2296 ab
831 2223 890 2296 lais
910 2222 1196 2322 porrigentibus
1219 2223 1319 2296 nolle
1343 2233 1537 2295 sumere.“
1561 2224 1660 2324 Ergo
1691 2225 1785 2297 nibil
1816 2238 1871 2300 cst
1907 2227 2150 2316 verisimilius,

343 2373 467 2448 quarm
493 2344 598 2447 quod
622 2369 733 2444 supra
758 2345 962 2434 statuimus,
988 2342 1180 2417 Valerium
1212 2357 1295 2416 ante
1331 2343 1459 2417 oculos
1503 2342 1673 2422 babuisse
1712 2348 1896 2424 orationes
1931 2373 2002 2447 pro
2043 2346 2153 2422 domo

343 2483 380 2543 et
405 2468 452 2543 de
477 2466 723 2566 Haruspicum
748 2465 942 2564 responsis.

437 2615 472 2661 n.
522 2587 702 2660 Asconius
726 2589 907 2658 Pantanus
940 2587 1147 2660 orationem
1180 2589 1227 2664 de
1259 2588 1508 2689 Haruspicum
1539 2591 1745 2691 responsis,
1780 2606 1823 2666 ut
1859 2591 2148 2683 Ciceronianam,

338 2709 467 2784 laudat
492 2711 531 2781 in
554 2707 761 2782 Commeat.
787 2707 836 2780 ad
862 2706 1053 2808 quoddam
1078 2709 1210 2810 fragm.
1237 2735 1291 2784 or.
1318 2733 1386 2806 pro
1417 2707 1459 2780 C.
1490 2706 1664 2782 Cornelio
1704 2713 1763 2805 (T.
1796 2711 1860 2786 VI.
1893 2711 1981 2786 edit.
2018 2713 2150 2787 Graev.

337 2858 374 2933 p.
399 2831 513 2930 961.):
540 2832 587 2908 P.
613 2828 830 2928 Africanus
854 2828 918 2902 ille
943 2833 1119 2932 superior
1141 2857 1217 2904 non
1231 2833 1352 2906 solum
1366 2858 1390 2905 a
1414 2835 1698 2931 sapientissimis
1718 2832 1944 2921 bominibus,
1970 2840 2038 2934 qui
2075 2851 2152 2906 tum

338 2970 464 3039 erant,
487 2977 622 3024 oerum
647 2955 758 3024 etiam
781 2977 805 3022 a
829 2978 870 3024 se
894 2955 991 3052 ipso,
1017 2979 1127 3054 saepe
1151 2967 1355 3026 accusatus
1377 2967 1448 3039 est,
1474 2953 1591 3054 quod,
1621 2977 1739 3056 quum
1766 2953 1910 3026 Consul
1933 2967 2032 3026 esset
2068 2977 2153 3026 cum

343 3077 387 3148 T.
413 3074 562 3168 Longo,
584 3094 724 3169 passus
748 3085 846 3141 esset
870 3085 950 3143 tum
971 3075 1136 3169 primum
1161 3099 1183 3144 a
1206 3073 1384 3170 populari
1405 3095 1585 3144 consessu
1609 3075 1801 3146 senatoria
1829 3071 2010 3144 subsellia
2047 3097 2151 3170 sepa·

340 3198 432 3268 rari.
457 3191 518 3263 Ad
543 3189 644 3260 hunc
670 3188 859 3262 Ciceronis
883 3189 1010 3264 locum
1033 3190 1225 3278 Asconius,
1247 3202 1444 3290 postquam
1467 3216 1514 3262 en
1542 3190 1692 3268 Valerio
1718 3191 1876 3280 Antiate,
1900 3193 2015 3266 veteri
2041 3190 2151 3266 bisto-

337 3315 429 3402 rico,
454 3311 595 3384 notavit
619 3334 775 3396 annum,
802 3333 878 3408 quo
904 3309 966 3381 illa
990 3307 1144 3382 Senatus
1168 3307 1432 3383 subselliorum
1456 3307 1610 3380 secretio
1634 3305 1730 3380 facta
1751 3323 1855 3400 esset,
1880 3306 1976 3384 banc
1998 3311 2148 3385 subiicit

338 3435 628 3509 annotationem:
653 3426 838 3518 „Videtur
863 3431 902 3503 in
926 3430 995 3504 bac
1019 3433 1196 3516 oratione,
1222 3427 1323 3499 huuc
1351 3424 1507 3525 quidem
1531 3427 1936 3522 auctorem(Valcrium
1947 3431 2150 3530 Antiatem)

339 3565 530 3653 sequutus,
558 3550 691 3624 Cicero
716 3545 862 3636 dixisse,
883 3573 1039 3647 passum
1064 3573 1144 3620 esse
1170 3546 1383 3646 Scipionem
1406 3542 1549 3614 secerni
1574 3567 1595 3612 a
1620 3554 1743 3616 cetero
1759 3567 1931 3618 consessu
1944 3547 2151 3646 spectacula

339 3677 578 3762 Senatorum3
605 3671 644 3743 in
670 3694 712 3740 ea
736 3680 872 3755 autem,
898 3692 1011 3766 quam
1036 3681 1118 3767 post
1142 3666 1286 3767 aliquot
1310 3689 1425 3738 annos
1450 3661 1581 3735 babuit
1606 3663 1653 3738 de
1679 3664 1929 3764 Haruspicum
1963 3691 2149 3766 responso,

339 3822 416 3870 non
438 3818 592 3894 passum
617 3816 697 3864 esse
723 3789 943 3888 Scipionem,
969 3787 1035 3860 scd
1060 3791 1181 3888 ipsum
1207 3799 1399 3858 auctorem
1419 3782 1554 3882 fuisse
1578 3781 1692 3857 dandi
1724 3809 1814 3858 eum
1844 3785 1970 3860 locum
2000 3786 2149 3860 Senato-

338 3915 454 4001 ribus,
479 3911 630 3984 videtur
655 3907 871 4009 significare.
896 3906 1022 3980 Verba
1047 3908 1125 3980 eius
1151 3907 1240 3978 haec
1266 3916 1368 3976 sunt:
1395 3903 1496 3976 Nam
1523 3904 1700 4003 quidego
1715 3905 1853 3978 deillis
1872 3906 1974 3978 ludis
1998 3907 2148 4008 loquar,

338 4058 435 4136 quos
467 4035 507 4105 in
539 4029 690 4102 Palatio
725 4031 848 4100 nostri
875 4028 1042 4101 Maiores
1073 4040 1161 4099 ante
1198 4024 1373 4124 templum
1402 4023 1540 4096 Matris
1575 4025 1741 4121 Magnae
1763 4025 1860 4121 fieri
1891 4024 2149 4126 celebrarique

339 4145 566 4229 voluerunt?
592 4143 740 4244 Quibus
760 4147 925 4241 primum
947 4145 1048 4218 ludis
1072 4160 1161 4218 ante
1181 4143 1315 4243 populi
1347 4164 1565 4214 consessum
1597 4141 1759 4217 Senatui
1791 4144 1916 4217 locum
1953 4145 1999 4217 P.
2036 4143 2159 4245 Afri,
2189 4209 2193 4217 ,

337 4299 458 4348 canus
479 4276 614 4345 iterum
630 4266 712 4338 Cos.
739 4263 803 4336 ille
817 4265 943 4336 Maior
965 4263 1117 4341 dedita
1145 4291 1166 4334 s
1192 4267 1252 4358 23)
1278 4261 1349 4337 hoc
1364 4261 1550 4334 tributum
1574 4285 1650 4335 esse
1664 4262 1814 4336 Senatui
1828 4261 1968 4351 scribit,
1980 4261 2047 4336 sed
2069 4265 2147 4339 sine

337 4385 815 4486 mentionelilegalensium.
840 4380 988 4455 Aediles
1005 4384 1106 4455 enim
1132 4407 1193 4456 eos
1204 4382 1312 4458 ludos
1326 4382 1447 4456 facere
1459 4383 1557 4458 soliti
1582 4396 1710 4477 erant,
1735 4382 1867 4456 votius
1892 4380 1991 4457 ludis
2006 4381 2148 4460 iactum

336 4513 461 4600 tradit,
487 4535 580 4610 quos
605 4509 727 4608 Scipio
753 4519 789 4580 et
812 4511 924 4604 Long.
957 4503 1057 4576 Coss.
1082 4502 1290 4576 fecerunt.“

431 4631 539 4720 „Non
563 4628 763 4727 praeterire
787 4638 912 4700 autem
935 4649 1000 4696 vos
1025 4622 1120 4710 volo,
1148 4647 1224 4695 esse
1248 4627 1429 4700 oratoriae
1461 4624 1682 4712 calliditatis,
1715 4635 1769 4713 ut,
1799 4647 1920 4726 quum
1956 4651 2050 4728 opus
2089 4630 2146 4721 sit,

336 4749 476 4827 eisdem
500 4747 612 4820 rebus
637 4746 683 4818 ab
710 4759 870 4846 utraque
894 4757 998 4844 parte
1024 4743 1083 4815 vel
1109 4771 1129 4815 a
1151 4749 1344 4822 contrariis
1370 4761 1533 4822 utantur.
1559 4747 1654 4822 Nem
1678 4769 1799 4847 quum
1822 4749 2032 4825 secundum
2045 4751 2148 4824 Cice-

353 5023 404 5090 23)
424 5020 470 5074 Sic
487 5018 660 5074 scribendum
679 5018 789 5074 ridetur
808 5037 858 5091 pro
874 5021 972 5082 Coum
987 5023 1330 5102 collegasiuaSamprcnius
1351 5027 1470 5102 Longus.
1505 5023 1611 5082 Nomen
1630 5027 1772 5102 scriptoria
1787 5027 1926 5088 calamam
1946 5047 2009 5087 cum
2028 5027 2143 5085 Antiatc

411 5125 469 5163 non
487 5107 683 5162 concutientis
702 5107 881 5170 desideratur.
